"","des","des_es","id","type","tfs","tfs_zulu","x","y","event_num","sv_id","play_guid","start_speed","end_speed","sz_top","sz_bot","pfx_x","pfx_z","px","pz","x0","y0","z0","vx0","vy0","vz0","ax","ay","az","break_y","break_angle","break_length","pitch_type","type_confidence","zone","nasty","spin_dir","spin_rate","cc","mt","url","inning_side","inning","next_","num","on_1b","on_2b","on_3b","gameday_link","count"
"1","In play, out(s)","En juego, out(s)",43,"X","022015","2016-07-30T02:20:15Z",147.38,165.69,"43","160729_192215","92d62a28-1ff6-4968-bdb2-d1187c7a3f82",88.5,81.1,3.45,1.57,-9.89,7.3,-0.797,2.707,-1.096,50,6.188,4.037,-129.593,-5.003,-16.695,29.001,-19.774,"23.8","37.2","6.3","FT",0.884,11,59,233.397,2328.119,"","","http://gd2.mlb.com/components/game/mlb/year_2016/month_07/day_29/gid_2016_07_29_bosmlb_anamlb_1/inning/inning_all.xml","bottom",1,"Y",6,NA,NA,NA,"gid_2016_07_29_bosmlb_anamlb_1","0-0"
"2","Called Strike","Strike cantado",47,"S","022056","2016-07-30T02:20:56Z",146.88,178.14,"47","160729_192258","900f935b-c145-4b60-8e15-8ae74353ee8e",89.4,82.2,3.32,1.49,-9.46,5.71,-0.784,2.246,-1.113,50,6.174,4.016,-130.91,-5.817,-16.336,29.032,-22.241,"23.8","33.4","6.6","FT",0.927,13,57,238.698,2118.803,"","","http://gd2.mlb.com/components/game/mlb/year_2016/month_07/day_29/gid_2016_07_29_bosmlb_anamlb_1/inning/inning_all.xml","bottom",1,"Y",7,NA,NA,NA,"gid_2016_07_29_bosmlb_anamlb_1","0-0"
"3","Foul","Foul",48,"S","022114","2016-07-30T02:21:14Z",102.97,161.67,"48","160729_192316","e4d52fcd-8cf3-4aed-b088-553de2677d46",92.1,84.2,3.2,1.49,-6.88,8.68,0.368,2.856,-1.16,50,6.103,6.421,-134.853,-5.55,-12.559,31.705,-16.258,"23.7","32.3","4.6","FF",0.643,3,44,218.275,2181.161,"","","http://gd2.mlb.com/components/game/mlb/year_2016/month_07/day_29/gid_2016_07_29_bosmlb_anamlb_1/inning/inning_all.xml","bottom",1,"Y",7,NA,NA,NA,"gid_2016_07_29_bosmlb_anamlb_1","0-1"
"4","Ball","Bola mala",49,"B","022158","2016-07-30T02:21:58Z",171.47,129.83,"49","160729_192401","d1306b7e-aad0-4cc2-8757-4a6db1f247ee",93.7,85.9,3.2,1.49,-7.27,7.19,-1.429,4.035,-1.141,50,6.256,1.774,-137.427,-2.603,-13.823,32.18,-18.438,"23.8","35.2","5.0","FF",0.494,11,25,225.18,2057.22,"","","http://gd2.mlb.com/components/game/mlb/year_2016/month_07/day_29/gid_2016_07_29_bosmlb_anamlb_1/inning/inning_all.xml","bottom",1,"Y",7,NA,NA,NA,"gid_2016_07_29_bosmlb_anamlb_1","0-2"
"5","Ball","Bola mala",50,"B","022221","2016-07-30T02:22:21Z",86.96,166.74,"50","160729_192422","22e40965-9219-4779-940e-b08b07004f53",92.2,84.3,3.15,1.49,-9.38,5.98,0.788,2.668,-0.866,50,6.108,7.62,-134.952,-5.143,-17.147,31.789,-21.172,"23.7","34.6","6.0","FT",0.92,12,59,237.314,2190.182,"","","http://gd2.mlb.com/components/game/mlb/year_2016/month_07/day_29/gid_2016_07_29_bosmlb_anamlb_1/inning/inning_all.xml","bottom",1,"Y",7,NA,NA,NA,"gid_2016_07_29_bosmlb_anamlb_1","1-2"
"6","Swinging Strike","Strike tirándole",51,"S","022242","2016-07-30T02:22:42Z",153.9,205.68,"51","160729_192443","30fb68bb-0f51-4d4b-af78-4b519080bed5",80.5,74.6,3.2,1.49,-9.01,3.49,-0.968,1.226,-1.117,50,6.184,3.066,-117.874,-5.673,-12.642,22.985,-27.207,"23.8","23.2","8.9","CH",0.94,13,65,248.55,1671.753,"","","http://gd2.mlb.com/components/game/mlb/year_2016/month_07/day_29/gid_2016_07_29_bosmlb_anamlb_1/inning/inning_all.xml","bottom",1,"Y",7,NA,NA,NA,"gid_2016_07_29_bosmlb_anamlb_1","2-2"
"7","Called Strike","Strike cantado",55,"S","022316","2016-07-30T02:23:16Z",104.54,178.14,"55","160729_192518","dfb627de-7a19-4fd2-96f0-6192b7733bd0",90.9,83.6,3.54,1.66,-8.21,6.67,0.327,2.246,-1.005,50,6.117,6.288,-133.061,-6.303,-14.662,29.621,-20.197,"23.8","31.7","5.8","FT",0.873,9,45,230.755,2064.188,"","","http://gd2.mlb.com/components/game/mlb/year_2016/month_07/day_29/gid_2016_07_29_bosmlb_anamlb_1/inning/inning_all.xml","bottom",1,"Y",8,NA,NA,NA,"gid_2016_07_29_bosmlb_anamlb_1","0-0"
"8","In play, out(s)","En juego, out(s)",56,"X","022336","2016-07-30T02:23:36Z",119.29,175.14,"56","160729_192532","2d28a792-4503-4eb2-973f-0265587b6825",74.3,67.9,3.54,1.66,8.08,-8.11,-0.06,2.357,-1.287,50,6.653,0.388,-108.909,0.648,9.444,23.949,-41.582,"23.7","-12.9","14.8","CU",0.912,5,14,45.108,1775.749,"","","http://gd2.mlb.com/components/game/mlb/year_2016/month_07/day_29/gid_2016_07_29_bosmlb_anamlb_1/inning/inning_all.xml","bottom",1,"Y",8,NA,NA,NA,"gid_2016_07_29_bosmlb_anamlb_1","0-1"
"9","Called Strike","Strike cantado",80,"S","023059","2016-07-30T02:30:59Z",115.13,162.86,"80","160729_193301","8a8e4b48-63de-45fc-9478-65fc4c5e6dee",88.1,80.8,3.35,1.58,-10.18,5.04,0.049,2.812,-1.037,50,6.38,6.107,-128.957,-4.389,-17.01,28.728,-23.676,"23.8","32.5","7.1","FT",0.879,2,36,243.453,2139.169,"","","http://gd2.mlb.com/components/game/mlb/year_2016/month_07/day_29/gid_2016_07_29_bosmlb_anamlb_1/inning/inning_all.xml","bottom",2,"Y",12,NA,NA,NA,"gid_2016_07_29_bosmlb_anamlb_1","0-0"
"10","In play, no out","En juego, no out",81,"X","023118","2016-07-30T02:31:18Z",102.71,160.07,"81","160729_193314","1ec28951-487e-4879-9fa8-706e25be9cc8",90.4,82.6,3.35,1.58,-10.07,5.11,0.375,2.915,-0.917,50,6.178,6.755,-132.327,-4.043,-17.669,30.859,-23.132,"23.7","33.9","6.7","FT",0.924,3,48,242.899,2176.081,"","","http://gd2.mlb.com/components/game/mlb/year_2016/month_07/day_29/gid_2016_07_29_bosmlb_anamlb_1/inning/inning_all.xml","bottom",2,"Y",12,NA,NA,NA,"gid_2016_07_29_bosmlb_anamlb_1","0-1"
"11","Ball","Bola mala",85,"B","023200","2016-07-30T02:32:00Z",101.79,195.15,"85","160729_193359","ec7441cc-a7de-4a06-8834-c01b385decf9",90.2,82,3.05,1.46,-10.49,6.92,0.399,1.616,-0.882,50,6.053,6.823,-131.949,-7.58,-18.159,32.751,-20.125,"23.7","37.0","6.5","FT",0.913,9,55,236.434,2396.127,"","","http://gd2.mlb.com/components/game/mlb/year_2016/month_07/day_29/gid_2016_07_29_bosmlb_anamlb_1/inning/inning_all.xml","bottom",2,"Y",13,405395,NA,NA,"gid_2016_07_29_bosmlb_anamlb_1","0-0"
"12","In play, no out","En juego, no out",86,"X","023230","2016-07-30T02:32:30Z",107.28,179.92,"86","160729_193418","1afade0a-ff50-47f7-91a4-1dbfa6e7d600",91,82.9,3.23,1.46,-10.37,5.86,0.255,2.18,-0.966,50,6.121,6.7,-133.13,-6.134,-18.344,32.482,-21.732,"23.7","35.9","6.6","FT",0.924,6,39,240.349,2300.215,"","","http://gd2.mlb.com/components/game/mlb/year_2016/month_07/day_29/gid_2016_07_29_bosmlb_anamlb_1/inning/inning_all.xml","bottom",2,"Y",13,405395,NA,NA,"gid_2016_07_29_bosmlb_anamlb_1","1-0"
"13","Called Strike","Strike cantado",91,"S","023327","2016-07-30T02:33:27Z",111.89,192.45,"91","160729_193528","5a64ceaf-3ab1-4698-9ea2-7da155c34102",92.2,84.8,3.57,1.67,-10.7,4.12,0.134,1.716,-0.836,50,6.013,6.267,-134.892,-6.803,-19.62,30.677,-24.539,"23.8","35.1","7.0","FT",0.935,8,48,248.736,2264.302,"","","http://gd2.mlb.com/components/game/mlb/year_2016/month_07/day_29/gid_2016_07_29_bosmlb_anamlb_1/inning/inning_all.xml","bottom",2,"Y",14,NA,537953,405395,"gid_2016_07_29_bosmlb_anamlb_1","0-0"
"14","Ball","Bola mala",92,"B","023349","2016-07-30T02:33:49Z",174.94,157.73,"92","160729_193549","3d581ffa-02d5-48fa-8403-2131c2a97fa7",90.7,83.3,3.4,1.67,-8.16,5.84,-1.52,3.002,-1.126,50,6.172,1.741,-133.022,-4.159,-14.529,30.289,-21.709,"23.8","32.0","6.1","FT",0.864,11,36,234.235,1952.837,"","","http://gd2.mlb.com/components/game/mlb/year_2016/month_07/day_29/gid_2016_07_29_bosmlb_anamlb_1/inning/inning_all.xml","bottom",2,"Y",14,NA,537953,405395,"gid_2016_07_29_bosmlb_anamlb_1","0-1"
"15","Ball","Bola mala",93,"B","023410","2016-07-30T02:34:10Z",57.38,201.84,"93","160729_193612","9791e042-edfb-4003-ae45-1b60bce89fb3",85.8,79.3,3.57,1.67,1.62,0.66,1.564,1.368,-0.972,50,5.847,5.757,-125.662,-4.815,2.572,26.824,-31.047,"23.8","-6.5","8.2","SL",0.907,14,36,113.663,324.196,"","","http://gd2.mlb.com/components/game/mlb/year_2016/month_07/day_29/gid_2016_07_29_bosmlb_anamlb_1/inning/inning_all.xml","bottom",2,"Y",14,NA,537953,405395,"gid_2016_07_29_bosmlb_anamlb_1","1-1"
"16","In play, run(s)","En juego, carrera(s)",94,"X","023441","2016-07-30T02:34:41Z",99.5,184.27,"94","160729_193637","9b1544ed-2fad-4cdd-87a2-12916be1a907",85.6,79.1,3.57,1.67,1.53,1.48,0.459,2.019,-1.216,50,6.055,3.654,-125.499,-3.968,2.429,26.399,-29.753,"23.8","-5.8","7.8","SL",0.912,9,38,134.906,396.451,"","","http://gd2.mlb.com/components/game/mlb/year_2016/month_07/day_29/gid_2016_07_29_bosmlb_anamlb_1/inning/inning_all.xml","bottom",2,"Y",14,NA,537953,405395,"gid_2016_07_29_bosmlb_anamlb_1","2-1"
"17","Ball","Bola mala",100,"B","023527","2016-07-30T02:35:27Z",170.4,114.18,"100","160729_193729","85025d71-6184-4027-83a7-4ec78a4dc3f3",72.7,66.2,3.49,1.58,8.54,-8.04,-1.401,4.615,-1.308,50,6.839,-2.497,-106.431,5.238,9.599,21.716,-41.134,"23.7","-12.8","14.9","CU",0.912,11,69,46.971,1789.909,"","","http://gd2.mlb.com/components/game/mlb/year_2016/month_07/day_29/gid_2016_07_29_bosmlb_anamlb_1/inning/inning_all.xml","bottom",2,"Y",15,NA,537953,NA,"gid_2016_07_29_bosmlb_anamlb_1","0-0"
"18","In play, out(s)","En juego, out(s)",101,"X","023610","2016-07-30T02:36:10Z",140.25,181.76,"101","160729_193807","507bca3a-9d81-4d38-8ed9-c1a89ec68df7",79.8,73.3,3.49,1.58,-8.75,3.98,-0.61,2.112,-0.848,50,6.392,3.154,-116.963,-4.039,-11.979,24.368,-26.645,"23.8","22.5","8.8","CH",0.943,7,43,245.223,1636.481,"","","http://gd2.mlb.com/components/game/mlb/year_2016/month_07/day_29/gid_2016_07_29_bosmlb_anamlb_1/inning/inning_all.xml","bottom",2,"Y",15,NA,537953,NA,"gid_2016_07_29_bosmlb_anamlb_1","1-0"
"19","Ball","Bola mala",106,"B","023646","2016-07-30T02:36:46Z",127.6,201.63,"106","160729_193848","1b19bf99-f36c-4ea2-ada0-cb706c2647d9",90.8,83,3.38,1.56,-10.18,6.81,-0.278,1.376,-0.843,50,5.955,4.912,-132.828,-8.093,-17.947,31.83,-20.083,"23.7","37.4","6.4","FT",0.919,13,57,236.031,2363.571,"","","http://gd2.mlb.com/components/game/mlb/year_2016/month_07/day_29/gid_2016_07_29_bosmlb_anamlb_1/inning/inning_all.xml","bottom",2,"Y",16,NA,NA,537953,"gid_2016_07_29_bosmlb_anamlb_1","0-0"
"20","In play, run(s)","En juego, carrera(s)",107,"X","023707","2016-07-30T02:37:07Z",144.9,177.38,"107","160729_193906","cfb2c61a-478a-48f8-a347-cc30ac08283e",91.3,83,3.38,1.56,-10.18,8.8,-0.732,2.274,-1.066,50,5.952,4.334,-133.644,-6.508,-18.13,32.94,-16.422,"23.7","43.5","5.7","FT",0.85,13,56,229.014,2607.197,"","","http://gd2.mlb.com/components/game/mlb/year_2016/month_07/day_29/gid_2016_07_29_bosmlb_anamlb_1/inning/inning_all.xml","bottom",2,"Y",16,NA,NA,537953,"gid_2016_07_29_bosmlb_anamlb_1","1-0"
"21","Foul","Foul",113,"S","023749","2016-07-30T02:37:49Z",136.44,172.66,"113","160729_193951","2f6f0869-f54d-4eb8-98b4-618dcd57ce8a",90.7,82.4,3.28,1.49,-10.35,6.61,-0.51,2.449,-0.791,50,6.14,4.218,-132.83,-5.661,-18.141,33.363,-20.517,"23.7","38.0","6.5","FT",0.917,4,46,237.275,2355.179,"","","http://gd2.mlb.com/components/game/mlb/year_2016/month_07/day_29/gid_2016_07_29_bosmlb_anamlb_1/inning/inning_all.xml","bottom",2,"Y",17,542208,NA,NA,"gid_2016_07_29_bosmlb_anamlb_1","0-0"
"22","Ball","Bola mala",114,"B","023819","2016-07-30T02:38:19Z",99.5,206.49,"114","160729_194018","216dd1b0-15d7-43f5-84cd-2862371fedae",91.7,84.1,3.22,1.55,-9.49,9.51,0.459,1.196,-0.697,50,5.887,6.3,-134.038,-9.553,-17.148,30.74,-14.916,"23.8","42.7","5.2","FT",0.732,14,62,224.816,2633.272,"","","http://gd2.mlb.com/components/game/mlb/year_2016/month_07/day_29/gid_2016_07_29_bosmlb_anamlb_1/inning/inning_all.xml","bottom",2,"Y",17,542208,NA,NA,"gid_2016_07_29_bosmlb_anamlb_1","0-1"
"23","In play, out(s)","En juego, out(s)",115,"X","023845","2016-07-30T02:38:45Z",125.39,171.93,"115","160729_194044","f6e635d8-8630-4793-aa62-3ece976ed99e",91,83,3.28,1.49,-10.73,7.52,-0.22,2.476,-0.957,50,5.984,5.571,-133.228,-5.602,-19.057,31.77,-18.745,"23.7","41.5","6.1","FT",0.91,5,36,234.828,2538.688,"","","http://gd2.mlb.com/components/game/mlb/year_2016/month_07/day_29/gid_2016_07_29_bosmlb_anamlb_1/inning/inning_all.xml","bottom",2,"Y",17,542208,NA,NA,"gid_2016_07_29_bosmlb_anamlb_1","1-1"
"24","Called Strike","Strike cantado",186,"S","025530","2016-07-30T02:55:30Z",105.37,188.61,"186","160729_195733","73158542-f88e-4dfc-9a62-d0b0ac10390f",89.3,82.1,3.18,1.42,-8.85,4.61,0.305,1.858,-0.848,50,6.146,5.923,-130.666,-6.337,-15.215,29.004,-24.177,"23.8","28.7","6.9","FT",0.933,9,47,242.273,1908.448,"","","http://gd2.mlb.com/components/game/mlb/year_2016/month_07/day_29/gid_2016_07_29_bosmlb_anamlb_1/inning/inning_all.xml","bottom",3,"Y",25,NA,NA,NA,"gid_2016_07_29_bosmlb_anamlb_1","0-0"
"25","Called Strike","Strike cantado",187,"S","025548","2016-07-30T02:55:48Z",146.81,154,"187","160729_195751","7de38dfa-e262-49bc-a338-5b9eb9177f4b",70.6,64.8,3.27,1.47,10.12,-7.14,-0.782,3.14,-1.289,50,6.637,-1.628,-103.448,2.703,10.772,20.126,-39.698,"23.8","-14.9","15.5","CU",0.914,11,49,55.066,1842.719,"","","http://gd2.mlb.com/components/game/mlb/year_2016/month_07/day_29/gid_2016_07_29_bosmlb_anamlb_1/inning/inning_all.xml","bottom",3,"Y",25,NA,NA,NA,"gid_2016_07_29_bosmlb_anamlb_1","0-1"
"26","Swinging Strike","Strike tirándole",188,"S","025608","2016-07-30T02:56:08Z",144.22,135.42,"188","160729_195809","583cd1d3-5c4f-4565-bce3-fc7ddeb4c8e6",91.6,83.4,3.45,1.57,-4.86,10.33,-0.714,3.828,-1.116,50,6.287,2.721,-134.281,-3.935,-8.769,32.283,-13.463,"23.7","29.4","3.7","FF",0.94,11,59,205.109,2232.544,"","","http://gd2.mlb.com/components/game/mlb/year_2016/month_07/day_29/gid_2016_07_29_bosmlb_anamlb_1/inning/inning_all.xml","bottom",3,"Y",25,NA,NA,NA,"gid_2016_07_29_bosmlb_anamlb_1","0-2"
"27","Ball","Bola mala",192,"B","025649","2016-07-30T02:56:49Z",83.04,174.66,"192","160729_195849","9bc226ce-e078-41a3-83dc-d1e49b3f8300",74.2,68.1,3.15,1.61,6.98,-7.24,0.891,2.375,-1.158,50,6.462,2.441,-108.842,0.837,8.176,23.21,-40.583,"23.8","-12.0","14.4","CU",0.909,14,86,44.194,1563.324,"","","http://gd2.mlb.com/components/game/mlb/year_2016/month_07/day_29/gid_2016_07_29_bosmlb_anamlb_1/inning/inning_all.xml","bottom",3,"Y",26,NA,NA,NA,"gid_2016_07_29_bosmlb_anamlb_1","0-0"
"28","Called Strike","Strike cantado",193,"S","025718","2016-07-30T02:57:18Z",106.86,148.87,"193","160729_195920","4f1d27c3-fcff-40fa-a9e9-f01d71a00942",85.9,78.7,3.2,1.49,2.64,2.6,0.266,3.33,-1.219,50,6.155,2.83,-125.916,-1.348,4.205,27.794,-27.961,"23.8","-9.6","7.3","SL",0.925,12,39,135.055,685.828,"","","http://gd2.mlb.com/components/game/mlb/year_2016/month_07/day_29/gid_2016_07_29_bosmlb_anamlb_1/inning/inning_all.xml","bottom",3,"Y",26,NA,NA,NA,"gid_2016_07_29_bosmlb_anamlb_1","1-0"
"29","Ball","Bola mala",194,"B","025739","2016-07-30T02:57:39Z",162.44,155.4,"194","160729_195939","6d9530fb-bb1e-4973-9dcd-ce0a6eaac140",78.8,72.8,3.15,1.48,-7.63,4.22,-1.192,3.088,-1.003,50,6.409,1.827,-115.579,-1.775,-10.294,22.124,-26.414,"23.8","20.4","8.6","CH",0.954,11,58,240.77,1480.661,"","","http://gd2.mlb.com/components/game/mlb/year_2016/month_07/day_29/gid_2016_07_29_bosmlb_anamlb_1/inning/inning_all.xml","bottom",3,"Y",26,NA,NA,NA,"gid_2016_07_29_bosmlb_anamlb_1","1-1"
"30","Swinging Strike","Strike tirándole",195,"S","025821","2016-07-30T02:58:21Z",100.8,224.42,"195","160729_200013","abe3726f-4e76-4f17-a4f4-eb749e9ecee6",80.2,74.5,3.2,1.49,-8.71,4.58,0.425,0.532,-0.825,50,6.064,5.514,-117.319,-7.256,-12.127,22.326,-25.715,"23.8","22.5","8.5","CH",0.936,14,30,241.959,1699.085,"","","http://gd2.mlb.com/components/game/mlb/year_2016/month_07/day_29/gid_2016_07_29_bosmlb_anamlb_1/inning/inning_all.xml","bottom",3,"Y",26,NA,NA,NA,"gid_2016_07_29_bosmlb_anamlb_1","2-1"
"31","Ball","Bola mala",196,"B","025855","2016-07-30T02:58:55Z",160.72,175.98,"196","160729_200057","1f4cad3f-be15-471c-9972-b6fbd9b4bdeb",93.6,86.1,3.01,1.44,-5.84,9.58,-1.147,2.326,-1.044,50,6.12,1.774,-137.008,-7.681,-11.094,30.647,-13.923,"23.8","34.4","4.0","FF",0.91,11,51,211.292,2261.635,"","","http://gd2.mlb.com/components/game/mlb/year_2016/month_07/day_29/gid_2016_07_29_bosmlb_anamlb_1/inning/inning_all.xml","bottom",3,"Y",26,NA,NA,NA,"gid_2016_07_29_bosmlb_anamlb_1","2-2"
"32","Foul","Foul",197,"S","025918","2016-07-30T02:59:18Z",113,194.91,"197","160729_200120","23f6beab-5405-41fe-aa93-c96c4ceb59cc",79.1,73.5,3.2,1.49,-6.65,3.52,0.105,1.625,-0.939,50,6.2,4.368,-115.865,-4.504,-9.055,21.445,-27.311,"23.8","16.5","8.7","CH",0.94,8,34,241.761,1286.968,"","","http://gd2.mlb.com/components/game/mlb/year_2016/month_07/day_29/gid_2016_07_29_bosmlb_anamlb_1/inning/inning_all.xml","bottom",3,"Y",26,NA,NA,NA,"gid_2016_07_29_bosmlb_anamlb_1","3-2"
"33","In play, out(s)","En juego, out(s)",198,"X","025955","2016-07-30T02:59:55Z",137.96,174.87,"198","160729_200151","88351797-c4b1-47ec-b26c-e2ee16902312",93.9,86.1,3.2,1.49,-5.97,7.32,-0.55,2.367,-1.258,50,5.924,4.014,-137.452,-6.275,-11.363,32.019,-18.168,"23.8","28.1","4.7","FF",0.746,4,40,219.051,1903.635,"","","http://gd2.mlb.com/components/game/mlb/year_2016/month_07/day_29/gid_2016_07_29_bosmlb_anamlb_1/inning/inning_all.xml","bottom",3,"Y",26,NA,NA,NA,"gid_2016_07_29_bosmlb_anamlb_1","3-2"
"34","Ball","Bola mala",202,"B","030029","2016-07-30T03:00:29Z",80.48,169.9,"202","160729_200231","78f6bd69-b01f-44c5-af48-d029e2c2a775",86.2,78.6,3.54,1.66,1.24,5.34,0.958,2.551,-1.328,50,6.004,5.263,-126.267,-3.787,1.975,29.377,-23.604,"23.7","-7.3","6.3","SL",0.919,14,75,167.024,1010.485,"","","http://gd2.mlb.com/components/game/mlb/year_2016/month_07/day_29/gid_2016_07_29_bosmlb_anamlb_1/inning/inning_all.xml","bottom",3,"Y",27,NA,NA,NA,"gid_2016_07_29_bosmlb_anamlb_1","0-0"
"35","In play, out(s)","En juego, out(s)",203,"X","030055","2016-07-30T03:00:55Z",128.36,173.93,"203","160729_200256","2de02e3d-91a9-45af-8931-bfe2c844401f",81.3,75.2,3.54,1.66,-7.95,4.67,-0.298,2.402,-0.944,50,6.375,3.948,-119.178,-3.937,-11.416,23.369,-25.404,"23.8","22.2","8.0","CH",0.94,4,28,239.33,1615.687,"","","http://gd2.mlb.com/components/game/mlb/year_2016/month_07/day_29/gid_2016_07_29_bosmlb_anamlb_1/inning/inning_all.xml","bottom",3,"Y",27,NA,NA,NA,"gid_2016_07_29_bosmlb_anamlb_1","1-0"
"36","Called Strike","Strike cantado",254,"S","031420","2016-07-30T03:14:20Z",93.98,172.93,"254","160729_201622","33d23a74-4964-45af-9408-f912d655bea7",82.9,76.4,3.27,1.65,2.19,3.8,0.604,2.439,-1.213,50,6.084,3.668,-121.524,-3.197,3.258,25.245,-26.448,"23.8","-8.3","7.5","SL",0.9,6,66,150.362,786.49,"","","http://gd2.mlb.com/components/game/mlb/year_2016/month_07/day_29/gid_2016_07_29_bosmlb_anamlb_1/inning/inning_all.xml","bottom",4,"Y",33,NA,NA,NA,"gid_2016_07_29_bosmlb_anamlb_1","0-0"
"37","In play, no out","En juego, no out",255,"X","031439","2016-07-30T03:14:39Z",150.85,178.98,"255","160729_201636","3c55be65-e7e1-426c-ad20-0f5079ad5acb",90.5,83.1,3.35,1.58,-9.06,7.01,-0.888,2.215,-1.016,50,6.033,3.403,-132.613,-6.195,-16.026,30.1,-19.698,"23.8","35.9","6.0","FT",0.872,13,57,232.099,2221.873,"","","http://gd2.mlb.com/components/game/mlb/year_2016/month_07/day_29/gid_2016_07_29_bosmlb_anamlb_1/inning/inning_all.xml","bottom",4,"Y",33,NA,NA,NA,"gid_2016_07_29_bosmlb_anamlb_1","0-1"
"38","Called Strike","Strike cantado",259,"S","031520","2016-07-30T03:15:20Z",128.05,165.23,"259","160729_201721","9093f27e-07c1-42c9-a1b4-4e4632919244",89.2,81.9,3.19,1.43,-7.31,6.68,-0.29,2.724,-0.932,50,6.26,4.093,-130.628,-5.093,-12.555,28.976,-20.615,"23.8","28.3","5.8","FT",0.725,1,45,227.364,1895.354,"","","http://gd2.mlb.com/components/game/mlb/year_2016/month_07/day_29/gid_2016_07_29_bosmlb_anamlb_1/inning/inning_all.xml","bottom",4,"Y",34,405395,NA,NA,"gid_2016_07_29_bosmlb_anamlb_1","0-0"
"39","Foul","Foul",260,"S","031544","2016-07-30T03:15:44Z",125.39,166.15,"260","160729_201745","7785daff-e197-4600-869c-03b3754703b2",85.5,79,3.23,1.46,0.04,4.59,-0.22,2.69,-1.284,50,6.087,2.621,-125.379,-3.393,0.06,25.528,-24.804,"23.8","-1.2","6.5","SL",0.903,2,31,179.535,852.824,"","","http://gd2.mlb.com/components/game/mlb/year_2016/month_07/day_29/gid_2016_07_29_bosmlb_anamlb_1/inning/inning_all.xml","bottom",4,"Y",34,405395,NA,NA,"gid_2016_07_29_bosmlb_anamlb_1","0-1"
"40","Foul","Foul",261,"S","031635","2016-07-30T03:16:35Z",143,174.66,"261","160729_201834","88469fe7-b3a1-46c5-9994-c1e3a2b7cedf",92.6,85,3.23,1.46,-5.95,8.1,-0.682,2.375,-1.014,50,5.972,2.948,-135.677,-6.416,-11.021,31.219,-17.092,"23.8","29.2","4.7","FF",0.843,4,41,216.156,1997.398,"","","http://gd2.mlb.com/components/game/mlb/year_2016/month_07/day_29/gid_2016_07_29_bosmlb_anamlb_1/inning/inning_all.xml","bottom",4,"Y",34,405395,NA,NA,"gid_2016_07_29_bosmlb_anamlb_1","0-2"
"41","In play, out(s)","En juego, out(s)",262,"X","031723","2016-07-30T03:17:23Z",156.99,156.3,"262","160729_201918","714a6ccb-1006-4c28-8390-03aaa49202a6",92.8,85.2,3.23,1.46,-4.87,8.89,-1.049,3.055,-1.015,50,6.02,1.602,-136.03,-5.054,-9.077,31.051,-15.521,"23.8","27.6","4.1","FF",0.924,11,61,208.592,2022.77,"","","http://gd2.mlb.com/components/game/mlb/year_2016/month_07/day_29/gid_2016_07_29_bosmlb_anamlb_1/inning/inning_all.xml","bottom",4,"Y",34,405395,NA,NA,"gid_2016_07_29_bosmlb_anamlb_1","0-2"
"42","Called Strike","Strike cantado",266,"S","031810","2016-07-30T03:18:10Z",117.99,158.35,"266","160729_202004","4a812329-757a-4f15-8b1a-d2434e797a6b",73.1,66.8,3.4,1.65,6.62,-7.47,-0.026,2.979,-1.116,50,6.639,0.489,-107.149,2.022,7.517,22.648,-40.572,"23.7","-10.7","14.7","CU",0.909,2,65,41.831,1526.055,"","","http://gd2.mlb.com/components/game/mlb/year_2016/month_07/day_29/gid_2016_07_29_bosmlb_anamlb_1/inning/inning_all.xml","bottom",4,"Y",35,405395,NA,NA,"gid_2016_07_29_bosmlb_anamlb_1","0-0"
"43","Ball In Dirt","Bola por el suelo",267,"B","031824","2016-07-30T03:18:24Z",59.37,219.77,"267","160729_202025","ff6cd5c2-09ee-4ebc-82d3-ffb75c0b1b64",70.8,65.9,3.4,1.51,6,-5.51,1.512,0.704,-0.86,50,6.394,3.248,-103.779,-2.251,6.448,19.727,-38.02,"23.8","-10.2","14.7","CU",0.91,14,11,47.802,1216.721,"","","http://gd2.mlb.com/components/game/mlb/year_2016/month_07/day_29/gid_2016_07_29_bosmlb_anamlb_1/inning/inning_all.xml","bottom",4,"Y",35,405395,NA,NA,"gid_2016_07_29_bosmlb_anamlb_1","0-1"
"44","In play, out(s)","En juego, out(s)",268,"X","031905","2016-07-30T03:19:05Z",129.2,181.81,"268","160729_202053","6a73cb94-c9ca-4e55-9ebb-83b70edfe2d2",91.5,84.5,3.57,1.67,-7.25,6.11,-0.32,2.11,-0.868,50,6.091,3.942,-134.014,-6.567,-13.194,28.932,-20.988,"23.8","29.0","5.7","FT",0.745,7,40,229.708,1872.573,"","","http://gd2.mlb.com/components/game/mlb/year_2016/month_07/day_29/gid_2016_07_29_bosmlb_anamlb_1/inning/inning_all.xml","bottom",4,"Y",35,405395,NA,NA,"gid_2016_07_29_bosmlb_anamlb_1","1-1"
"45","Ball","Bola mala",294,"B","032722","2016-07-30T03:27:22Z",98.17,210.7,"294","160729_202921","a3f09f08-f9c1-455c-87a9-726c5f06ae8e",88.3,81.7,3.64,1.58,-7.57,8.32,0.494,1.04,-0.917,50,6.163,6.104,-129.024,-9.524,-12.786,26.284,-18.05,"23.8","30.3","5.5","FT",0.515,14,45,222.153,2142.232,"","","http://gd2.mlb.com/components/game/mlb/year_2016/month_07/day_29/gid_2016_07_29_bosmlb_anamlb_1/inning/inning_all.xml","bottom",5,"Y",39,NA,NA,NA,"gid_2016_07_29_bosmlb_anamlb_1","0-0"
"46","Called Strike","Strike cantado",295,"S","032740","2016-07-30T03:27:40Z",120.93,149.82,"295","160729_202942","a2c81d3c-4413-41bd-9dab-918bad412146",78.7,72.7,3.64,1.58,-6.97,4.67,-0.103,3.295,-0.999,50,6.447,4.1,-115.312,-1.501,-9.381,21.611,-25.812,"23.8","18.4","8.3","CH",0.948,2,31,235.855,1426.075,"","","http://gd2.mlb.com/components/game/mlb/year_2016/month_07/day_29/gid_2016_07_29_bosmlb_anamlb_1/inning/inning_all.xml","bottom",5,"Y",39,NA,NA,NA,"gid_2016_07_29_bosmlb_anamlb_1","1-0"
"47","Swinging Strike","Strike tirándole",296,"S","032758","2016-07-30T03:27:58Z",125.2,182.76,"296","160729_203000","054bc0e1-0e69-4dcf-b8a4-a565d6ed1daa",91.1,84,3.49,1.58,-5.79,9.89,-0.215,2.075,-1.139,50,6.012,4.414,-133.322,-7.647,-10.429,28.557,-14.3,"23.8","30.9","4.2","FF",0.908,8,36,210.261,2251.884,"","","http://gd2.mlb.com/components/game/mlb/year_2016/month_07/day_29/gid_2016_07_29_bosmlb_anamlb_1/inning/inning_all.xml","bottom",5,"Y",39,NA,NA,NA,"gid_2016_07_29_bosmlb_anamlb_1","1-1"
"48","Called Strike","Strike cantado",297,"S","032816","2016-07-30T03:28:16Z",81.21,173.95,"297","160729_203018","f4afd43e-21d8-4a05-ac70-80eb9c28fc1a",91.3,84,3.64,1.71,-8.1,6.92,0.939,2.401,-0.7,50,6.161,7.087,-133.532,-6.179,-14.587,29.287,-19.629,"23.8","32.0","5.6","FT",0.865,14,59,229.303,2090.308,"","","http://gd2.mlb.com/components/game/mlb/year_2016/month_07/day_29/gid_2016_07_29_bosmlb_anamlb_1/inning/inning_all.xml","bottom",5,"Y",39,NA,NA,NA,"gid_2016_07_29_bosmlb_anamlb_1","1-2"
"49","Ball","Bola mala",301,"B","032849","2016-07-30T03:28:49Z",73.89,178.81,"301","160729_203050","655c3cf8-6d7a-43a8-9767-2b88e2b43a43",88.2,80.9,3.36,1.56,-7.9,7.11,1.131,2.221,-0.689,50,6.214,7.222,-128.953,-6.16,-13.212,28.441,-20.204,"23.8","28.5","5.9","FT",0.764,14,61,227.823,2005.735,"","","http://gd2.mlb.com/components/game/mlb/year_2016/month_07/day_29/gid_2016_07_29_bosmlb_anamlb_1/inning/inning_all.xml","bottom",5,"Y",40,NA,NA,NA,"gid_2016_07_29_bosmlb_anamlb_1","0-0"
"50","Called Strike","Strike cantado",302,"S","032902","2016-07-30T03:29:02Z",79.15,171.82,"302","160729_203104","b6a7bc36-62dc-4b56-86f5-6a54572cc0ec",89.4,82.5,3.38,1.56,-7.67,8.09,0.993,2.48,-0.715,50,6.273,6.988,-130.854,-6.304,-13.303,27.409,-18.07,"23.8","31.6","5.3","FT",0.698,12,56,223.325,2149.548,"","","http://gd2.mlb.com/components/game/mlb/year_2016/month_07/day_29/gid_2016_07_29_bosmlb_anamlb_1/inning/inning_all.xml","bottom",5,"Y",40,NA,NA,NA,"gid_2016_07_29_bosmlb_anamlb_1","1-0"
"51","Ball","Bola mala",303,"B","032931","2016-07-30T03:29:31Z",69.89,202.17,"303","160729_203131","920b8447-4b5b-4f5c-ba98-4a883b7755f8",73.8,68.2,3.32,1.56,6.97,-6.09,1.236,1.356,-1.072,50,6.431,2.98,-108.204,-1.521,8.122,21.974,-39.197,"23.8","-12.2","14.1","CU",0.909,14,55,49.15,1439.639,"","","http://gd2.mlb.com/components/game/mlb/year_2016/month_07/day_29/gid_2016_07_29_bosmlb_anamlb_1/inning/inning_all.xml","bottom",5,"Y",40,NA,NA,NA,"gid_2016_07_29_bosmlb_anamlb_1","1-1"
"52","Called Strike","Strike cantado",304,"S","032943","2016-07-30T03:29:43Z",91.35,163.58,"304","160729_203144","effbad00-d3ae-4555-bdca-4783165f9a95",89.9,82.7,3.38,1.56,-7.98,7.15,0.673,2.785,-0.888,50,6.257,6.739,-131.587,-5.238,-13.96,28.408,-19.59,"23.8","31.3","5.6","FT",0.843,3,49,227.967,2072.16,"","","http://gd2.mlb.com/components/game/mlb/year_2016/month_07/day_29/gid_2016_07_29_bosmlb_anamlb_1/inning/inning_all.xml","bottom",5,"Y",40,NA,NA,NA,"gid_2016_07_29_bosmlb_anamlb_1","2-1"
"53","Foul","Foul",305,"S","033001","2016-07-30T03:30:01Z",100.91,193.96,"305","160729_203203","9dcce78a-d251-4135-a85c-5fe2e800620d",93.5,86,3.38,1.56,-3.52,8.26,0.422,1.66,-1.098,50,5.87,5.332,-136.805,-8.297,-6.646,31.154,-16.498,"23.8","16.7","4.1","FF",0.923,9,50,202.974,1805.631,"","","http://gd2.mlb.com/components/game/mlb/year_2016/month_07/day_29/gid_2016_07_29_bosmlb_anamlb_1/inning/inning_all.xml","bottom",5,"Y",40,NA,NA,NA,"gid_2016_07_29_bosmlb_anamlb_1","2-2"
"54","Foul","Foul",306,"S","033027","2016-07-30T03:30:27Z",136.02,151,"306","160729_203228","24293b07-a6dd-4635-bbfd-a9d04f7e065f",92.3,84.2,3.38,1.56,-6.82,9.2,-0.499,3.251,-0.934,50,6.05,3.506,-135.245,-4.574,-12.493,32.375,-15.237,"23.7","35.6","4.5","FF",0.804,1,51,216.412,2257.626,"","","http://gd2.mlb.com/components/game/mlb/year_2016/month_07/day_29/gid_2016_07_29_bosmlb_anamlb_1/inning/inning_all.xml","bottom",5,"Y",40,NA,NA,NA,"gid_2016_07_29_bosmlb_anamlb_1","2-2"
"55","Ball","Bola mala",307,"B","033104","2016-07-30T03:31:04Z",78.46,183.38,"307","160729_203306","66d4cc67-7b27-4b64-a576-2472aadd2c8d",89.8,81.5,3.27,1.56,-10.76,7.61,1.011,2.052,-0.679,50,6.084,7.936,-131.328,-6.675,-18.452,32.39,-19.044,"23.7","38.7","6.3","FT",0.9,14,61,234.565,2501.784,"","","http://gd2.mlb.com/components/game/mlb/year_2016/month_07/day_29/gid_2016_07_29_bosmlb_anamlb_1/inning/inning_all.xml","bottom",5,"Y",40,NA,NA,NA,"gid_2016_07_29_bosmlb_anamlb_1","2-2"
"56","Foul","Foul",308,"S","033126","2016-07-30T03:31:26Z",80.64,179.54,"308","160729_203327","cab9a769-f9bb-4c6f-a5e9-7215bd06d5be",85.2,78.5,3.38,1.56,3.7,2.26,0.954,2.194,-1.304,50,6.113,4.369,-124.764,-3.812,5.791,26.65,-28.558,"23.8","-12.7","7.8","SL",0.926,14,52,121.982,793.885,"","","http://gd2.mlb.com/components/game/mlb/year_2016/month_07/day_29/gid_2016_07_29_bosmlb_anamlb_1/inning/inning_all.xml","bottom",5,"Y",40,NA,NA,NA,"gid_2016_07_29_bosmlb_anamlb_1","3-2"
"57","Foul","Foul",309,"S","033151","2016-07-30T03:31:51Z",156.99,172.36,"309","160729_203353","a9f25d2d-e827-4735-9862-b39304234cb7",88.8,80.3,3.38,1.56,-11.2,4.94,-1.049,2.46,-1.012,50,6.106,3.589,-130.133,-4.581,-18.734,33.613,-23.843,"23.7","35.5","7.5","FT",0.898,13,52,246.025,2285.755,"","","http://gd2.mlb.com/components/game/mlb/year_2016/month_07/day_29/gid_2016_07_29_bosmlb_anamlb_1/inning/inning_all.xml","bottom",5,"Y",40,NA,NA,NA,"gid_2016_07_29_bosmlb_anamlb_1","3-2"
"58","In play, out(s)","En juego, out(s)",310,"X","033222","2016-07-30T03:32:22Z",111.28,184.78,"310","160729_203421","4f33f24b-7e40-499f-a243-50ecfed16596",90.7,83,3.38,1.56,-9.72,5.46,0.15,2,-0.814,50,6.092,5.808,-132.818,-6.383,-17.187,31.222,-22.453,"23.8","33.6","6.6","FT",0.932,8,41,240.507,2156.834,"","","http://gd2.mlb.com/components/game/mlb/year_2016/month_07/day_29/gid_2016_07_29_bosmlb_anamlb_1/inning/inning_all.xml","bottom",5,"Y",40,NA,NA,NA,"gid_2016_07_29_bosmlb_anamlb_1","3-2"
"59","Ball","Bola mala",314,"B","033300","2016-07-30T03:33:00Z",124.13,137.53,"314","160729_203501","404eb2c0-e757-4821-9138-f44eaab0b833",72.5,66.3,3.23,1.43,8.1,-8.98,-0.187,3.75,-1.18,50,6.763,-0.115,-106.304,3.873,9.063,22.023,-42.151,"23.7","-12.3","15.4","CU",0.912,11,62,42.251,1839.519,"","","http://gd2.mlb.com/components/game/mlb/year_2016/month_07/day_29/gid_2016_07_29_bosmlb_anamlb_1/inning/inning_all.xml","bottom",5,"Y",41,NA,NA,NA,"gid_2016_07_29_bosmlb_anamlb_1","0-0"
"60","Called Strike","Strike cantado",315,"S","033313","2016-07-30T03:33:13Z",85.71,184.67,"315","160729_203515","723523ea-a663-44a2-b4d0-edc15fab6983",74.9,68.8,3.09,1.38,10.39,-4.79,0.821,2.004,-1.166,50,6.398,1.383,-109.9,-0.645,12.42,23.522,-37.834,"23.8","-18.4","13.6","CU",0.908,14,41,65.5,1801.779,"","","http://gd2.mlb.com/components/game/mlb/year_2016/month_07/day_29/gid_2016_07_29_bosmlb_anamlb_1/inning/inning_all.xml","bottom",5,"Y",41,NA,NA,NA,"gid_2016_07_29_bosmlb_anamlb_1","1-0"
"61","In play, out(s)","En juego, out(s)",316,"X","033336","2016-07-30T03:33:36Z",116.12,183.83,"316","160729_203534","d3fa7193-08d9-4d2b-bb14-c58788755dc5",90.9,83.5,3.28,1.49,-9.37,4.34,0.023,2.035,-0.837,50,6.032,5.44,-133.106,-5.826,-16.696,30.359,-24.366,"23.8","31.2","6.8","FT",0.945,8,27,244.936,2008.935,"","","http://gd2.mlb.com/components/game/mlb/year_2016/month_07/day_29/gid_2016_07_29_bosmlb_anamlb_1/inning/inning_all.xml","bottom",5,"Y",41,NA,NA,NA,"gid_2016_07_29_bosmlb_anamlb_1","1-1"
"62","Foul","Foul",357,"S","034629","2016-07-30T03:46:29Z",146.62,178.71,"357","160729_204829","b02fe1c1-69bc-4b7a-bd92-37b66167aa4c",88.1,81.2,3.45,1.57,-6.89,7.27,-0.777,2.225,-0.984,50,6.289,2.806,-129.045,-6.444,-11.6,27.365,-19.864,"23.8","27.5","5.8","FT",0.423,13,59,223.298,1901.591,"","","http://gd2.mlb.com/components/game/mlb/year_2016/month_07/day_29/gid_2016_07_29_bosmlb_anamlb_1/inning/inning_all.xml","bottom",6,"Y",46,NA,NA,NA,"gid_2016_07_29_bosmlb_anamlb_1","0-0"
"63","In play, out(s)","En juego, out(s)",358,"X","034702","2016-07-30T03:47:02Z",118.18,185.64,"358","160729_204852","f2b63669-cf33-48aa-b81a-954e6ae6b633",88.9,81.9,3.45,1.57,-8.47,6.82,-0.031,1.968,-1.024,50,6.083,5.371,-130.061,-6.578,-14.491,27.7,-20.443,"23.8","31.6","6.1","FT",0.863,8,38,231.008,2079.689,"","","http://gd2.mlb.com/components/game/mlb/year_2016/month_07/day_29/gid_2016_07_29_bosmlb_anamlb_1/inning/inning_all.xml","bottom",6,"Y",46,NA,NA,NA,"gid_2016_07_29_bosmlb_anamlb_1","0-1"
"64","Ball","Bola mala",362,"B","034740","2016-07-30T03:47:40Z",79.03,187.26,"362","160729_204942","638500e2-5e6a-4fb0-8f65-f88ef4e0f1d6",90,82.6,3.1,1.49,-10.94,6.57,0.996,1.908,-0.854,50,6.108,8.475,-131.589,-6.902,-19.069,29.456,-20.653,"23.8","37.9","6.5","FT",0.913,14,65,238.86,2456.298,"","","http://gd2.mlb.com/components/game/mlb/year_2016/month_07/day_29/gid_2016_07_29_bosmlb_anamlb_1/inning/inning_all.xml","bottom",6,"Y",47,NA,NA,NA,"gid_2016_07_29_bosmlb_anamlb_1","0-0"
"65","Foul","Foul",363,"S","034801","2016-07-30T03:48:01Z",81.13,178.6,"363","160729_205002","54602aa9-8bc0-4cf7-a688-068742ce8b02",87.5,80.3,3.2,1.49,0.29,5.25,0.941,2.229,-1.135,50,6.043,5.137,-128.065,-4.96,0.484,28.287,-23.453,"23.8","-3.6","6.1","SL",0.913,14,49,176.825,989.477,"","","http://gd2.mlb.com/components/game/mlb/year_2016/month_07/day_29/gid_2016_07_29_bosmlb_anamlb_1/inning/inning_all.xml","bottom",6,"Y",47,NA,NA,NA,"gid_2016_07_29_bosmlb_anamlb_1","1-0"
"66","Ball","Bola mala",364,"B","034835","2016-07-30T03:48:35Z",110.1,198.2,"364","160729_205035","ecc95542-b6a9-4135-96a5-1a49f3210acd",92.3,83.9,3.2,1.49,-5.57,11.43,0.181,1.503,-0.936,50,6.025,4.867,-134.869,-9.82,-10.104,33.412,-11.362,"23.7","33.0","3.7","FF",0.934,8,40,205.895,2488.63,"","","http://gd2.mlb.com/components/game/mlb/year_2016/month_07/day_29/gid_2016_07_29_bosmlb_anamlb_1/inning/inning_all.xml","bottom",6,"Y",47,NA,NA,NA,"gid_2016_07_29_bosmlb_anamlb_1","1-1"
"67","In play, no out","En juego, no out",365,"X","034900","2016-07-30T03:49:00Z",133.01,184.54,"365","160729_205059","1ec3955b-3515-4903-82b6-b0ac3098b80c",80.8,74,3.2,1.49,-6.05,5.03,-0.42,2.009,-1.051,50,6.313,3.288,-118.335,-4.611,-8.471,25.227,-25.054,"23.8","16.7","7.9","CH",0.926,7,37,229.952,1356.664,"","","http://gd2.mlb.com/components/game/mlb/year_2016/month_07/day_29/gid_2016_07_29_bosmlb_anamlb_1/inning/inning_all.xml","bottom",6,"Y",47,NA,NA,NA,"gid_2016_07_29_bosmlb_anamlb_1","2-1"
"68","Ball","Bola mala",369,"B","034945","2016-07-30T03:49:45Z",46.41,191.75,"369","160729_205146","cea0a1a9-0323-45d6-b762-c018f33a1d7a",92.4,83.5,3.45,1.56,-5.37,12.36,1.852,1.742,-0.816,50,5.86,8.884,-134.938,-9.03,-9.702,34.898,-9.768,"23.7","31.7","3.2","FF",0.928,14,49,203.412,2625.116,"","","http://gd2.mlb.com/components/game/mlb/year_2016/month_07/day_29/gid_2016_07_29_bosmlb_anamlb_1/inning/inning_all.xml","bottom",6,"Y",48,594777,NA,NA,"gid_2016_07_29_bosmlb_anamlb_1","0-0"
"69","Foul","Foul",370,"S","035016","2016-07-30T03:50:16Z",114.14,182.46,"370","160729_205213","e51b5741-19a7-49c8-8d94-fe60c805a943",93.2,84.7,3.54,1.66,-7.16,8.45,0.075,2.086,-0.811,50,5.968,4.849,-136.47,-7.308,-13.261,34.868,-16.448,"23.7","33.4","4.8","FF",0.669,8,31,220.138,2186.845,"","","http://gd2.mlb.com/components/game/mlb/year_2016/month_07/day_29/gid_2016_07_29_bosmlb_anamlb_1/inning/inning_all.xml","bottom",6,"Y",48,594777,NA,NA,"gid_2016_07_29_bosmlb_anamlb_1","1-0"
"70","In play, out(s)","En juego, out(s)",371,"X","035059","2016-07-30T03:50:59Z",138.19,161.02,"371","160729_205254","1ae6edb0-aca4-4e04-aa7d-5568850acec1",92.4,85,3.54,1.66,-5.4,10.2,-0.556,2.88,-0.981,50,5.977,3.01,-135.423,-5.803,-10.009,30.167,-13.193,"23.8","32.9","3.8","FF",0.927,4,43,207.802,2298.82,"","","http://gd2.mlb.com/components/game/mlb/year_2016/month_07/day_29/gid_2016_07_29_bosmlb_anamlb_1/inning/inning_all.xml","bottom",6,"Y",48,594777,NA,NA,"gid_2016_07_29_bosmlb_anamlb_1","1-1"
"71","Called Strike","Strike cantado",375,"S","035140","2016-07-30T03:51:40Z",133.89,169.63,"375","160729_205343","c3b921f4-4b5d-41ce-8154-6546f8d0a808",90.9,83.9,3.14,1.52,-8.85,6.17,-0.443,2.561,-0.814,50,6.032,4.002,-133.232,-5.136,-15.913,28.572,-21.011,"23.8","34.3","6.0","FT",0.908,4,48,234.95,2116.632,"","","http://gd2.mlb.com/components/game/mlb/year_2016/month_07/day_29/gid_2016_07_29_bosmlb_anamlb_1/inning/inning_all.xml","bottom",6,"Y",49,594777,NA,NA,"gid_2016_07_29_bosmlb_anamlb_1","0-0"
"72","Foul","Foul",376,"S","035209","2016-07-30T03:52:09Z",142.08,145.98,"376","160729_205408","5a959882-927a-4b4e-a255-0ed12c8c029c",90.7,83.2,3.35,1.58,-9.69,6.44,-0.658,3.437,-0.882,50,6.19,3.88,-132.984,-3.27,-17.243,30.122,-20.634,"23.8","37.5","6.1","FT",0.916,11,68,236.207,2263.527,"","","http://gd2.mlb.com/components/game/mlb/year_2016/month_07/day_29/gid_2016_07_29_bosmlb_anamlb_1/inning/inning_all.xml","bottom",6,"Y",49,594777,NA,NA,"gid_2016_07_29_bosmlb_anamlb_1","0-1"
"73","Foul","Foul",377,"S","035249","2016-07-30T03:52:49Z",126.95,177.41,"377","160729_205449","06e5fc14-d64d-4e59-a921-9fb5f7c3d353",86.9,81.1,3.35,1.58,3.78,3.51,-0.261,2.273,-1.415,50,5.883,1.672,-127.448,-3.915,6.274,23.919,-26.276,"23.9","-13.6","6.8","SL",0.945,4,30,133.232,980.219,"","","http://gd2.mlb.com/components/game/mlb/year_2016/month_07/day_29/gid_2016_07_29_bosmlb_anamlb_1/inning/inning_all.xml","bottom",6,"Y",49,594777,NA,NA,"gid_2016_07_29_bosmlb_anamlb_1","0-2"
"74","In play, out(s)","En juego, out(s)",378,"X","035358","2016-07-30T03:53:58Z",119.55,145.5,"378","160729_205547","a4c34390-fa43-4526-8cc4-f385cd7e7af7",92.2,84.7,3.35,1.58,-5.14,9.05,-0.067,3.455,-0.814,50,6.156,3.77,-135.149,-4.31,-9.482,30.159,-15.404,"23.8","27.9","4.1","FF",0.906,11,38,209.483,2068.04,"","","http://gd2.mlb.com/components/game/mlb/year_2016/month_07/day_29/gid_2016_07_29_bosmlb_anamlb_1/inning/inning_all.xml","bottom",6,"Y",49,594777,NA,NA,"gid_2016_07_29_bosmlb_anamlb_1","0-2"
"75","Called Strike","Strike cantado",428,"S","040824","2016-07-30T04:08:24Z",126.91,151.44,"428","160729_211026","6d10d35a-5a67-4d61-9654-ad64df2224e5",87.1,78.9,3.14,1.26,-11.62,6.66,-0.26,3.235,-0.949,50,6.276,5.478,-127.624,-3.321,-18.761,31.382,-21.35,"23.7","38.2","7.1","FT",0.754,11,55,240.017,2462.172,"","","http://gd2.mlb.com/components/game/mlb/year_2016/month_07/day_29/gid_2016_07_29_bosmlb_anamlb_1/inning/inning_all.xml","bottom",7,"Y",55,NA,NA,NA,"gid_2016_07_29_bosmlb_anamlb_1","0-0"
"76","In play, out(s)","En juego, out(s)",429,"X","040851","2016-07-30T04:08:51Z",140.56,165.37,"429","160729_211047","ca2ab8bd-bf60-415a-82fc-f9e074d0eb7a",72.2,65.5,3.23,1.46,7.99,-4.69,-0.618,2.719,-1.288,50,6.653,-0.746,-105.835,0.925,8.767,23.465,-37.248,"23.7","-13.1","14.1","CU",0.911,1,36,59.939,1388.541,"","","http://gd2.mlb.com/components/game/mlb/year_2016/month_07/day_29/gid_2016_07_29_bosmlb_anamlb_1/inning/inning_all.xml","bottom",7,"Y",55,NA,NA,NA,"gid_2016_07_29_bosmlb_anamlb_1","0-1"
"77","Called Strike","Strike cantado",433,"S","040928","2016-07-30T04:09:28Z",84.71,186.56,"433","160729_211130","268f5516-0b58-4af3-807c-08d27533c867",85,77.7,3.57,1.67,-9.71,8.32,0.847,1.934,-0.751,50,6.275,6.984,-124.359,-6.676,-15.039,27.532,-19.222,"23.7","33.3","6.5","CH",0.831,14,80,229.263,2315.433,"","","http://gd2.mlb.com/components/game/mlb/year_2016/month_07/day_29/gid_2016_07_29_bosmlb_anamlb_1/inning/inning_all.xml","bottom",7,"Y",56,NA,NA,NA,"gid_2016_07_29_bosmlb_anamlb_1","0-0"
"78","Foul","Foul",434,"S","040948","2016-07-30T04:09:48Z",75.41,170.88,"434","160729_211147","7aa22dcd-fcc2-46ea-a479-65292020ba69",82.9,76.1,3.57,1.67,3.05,2.61,1.091,2.515,-1.158,50,6.266,4.424,-121.436,-3.033,4.508,26.2,-28.248,"23.8","-10.5","8.1","SL",0.892,14,45,131.053,714.175,"","","http://gd2.mlb.com/components/game/mlb/year_2016/month_07/day_29/gid_2016_07_29_bosmlb_anamlb_1/inning/inning_all.xml","bottom",7,"Y",56,NA,NA,NA,"gid_2016_07_29_bosmlb_anamlb_1","0-1"
"79","In play, out(s)","En juego, out(s)",435,"X","041024","2016-07-30T04:10:24Z",142.84,139.23,"435","160729_211222","916d94dd-1fc2-48de-b977-3690f2bb52c4",89.4,80.8,3.57,1.67,-7.81,10.41,-0.678,3.687,-0.995,50,6.173,3.403,-130.956,-3.565,-13.293,32.879,-14.396,"23.7","39.2","4.7","FF",0.767,11,59,216.785,2459.207,"","","http://gd2.mlb.com/components/game/mlb/year_2016/month_07/day_29/gid_2016_07_29_bosmlb_anamlb_1/inning/inning_all.xml","bottom",7,"Y",56,NA,NA,NA,"gid_2016_07_29_bosmlb_anamlb_1","0-2"
"80","Called Strike","Strike cantado",439,"S","041101","2016-07-30T04:11:01Z",112.31,177.6,"439","160729_211303","e8538fac-35f9-4b82-83ab-7d30af773e46",87.7,80,3.49,1.58,-12.11,4.71,0.123,2.266,-0.987,50,6.206,6.754,-128.388,-5.093,-19.936,30.075,-24.357,"23.7","35.8","7.8","FT",0.807,5,37,248.589,2419.752,"","","http://gd2.mlb.com/components/game/mlb/year_2016/month_07/day_29/gid_2016_07_29_bosmlb_anamlb_1/inning/inning_all.xml","bottom",7,"Y",57,NA,NA,NA,"gid_2016_07_29_bosmlb_anamlb_1","0-0"
"81","Swinging Strike","Strike tirándole",440,"S","041138","2016-07-30T04:11:38Z",122.34,162.59,"440","160729_211325","4682802c-ab67-4c32-97b2-7a57a11ea071",92.4,84.2,3.49,1.58,-5.77,9.23,-0.14,2.822,-0.964,50,6.126,4.175,-135.317,-5.917,-10.565,33.073,-15.212,"23.7","29.9","4.3","FF",0.883,5,31,211.916,2142.472,"","","http://gd2.mlb.com/components/game/mlb/year_2016/month_07/day_29/gid_2016_07_29_bosmlb_anamlb_1/inning/inning_all.xml","bottom",7,"Y",57,NA,NA,NA,"gid_2016_07_29_bosmlb_anamlb_1","0-1"
"82","In play, out(s)","En juego, out(s)",441,"X","041145","2016-07-30T04:11:45Z",120.58,153.62,"441","160729_211342","9d50ee67-3ef7-4452-8078-02b50e2c83d4",93.2,84.7,3.49,1.58,-4.35,9.26,-0.094,3.154,-0.869,50,6.173,3.59,-136.52,-5.314,-8.099,34.072,-14.868,"23.7","24.1","3.9","FF",0.927,2,33,205.078,2030.518,"","","http://gd2.mlb.com/components/game/mlb/year_2016/month_07/day_29/gid_2016_07_29_bosmlb_anamlb_1/inning/inning_all.xml","bottom",7,"Y",57,NA,NA,NA,"gid_2016_07_29_bosmlb_anamlb_1","0-2"
"83","Called Strike","Strike cantado",465,"S","041910","2016-07-30T04:19:10Z",100.08,176.19,"465","160729_212113","93debeb0-2fce-4ad5-b731-8c8635e053d7",87.6,79.9,3.38,1.56,-9.5,7.59,0.444,2.318,-0.837,50,6.355,6.319,-128.161,-6.252,-15.577,29.911,-19.643,"23.7","33.9","6.3","FT",0.768,6,46,231.184,2263.062,"","","http://gd2.mlb.com/components/game/mlb/year_2016/month_07/day_29/gid_2016_07_29_bosmlb_anamlb_1/inning/inning_all.xml","bottom",8,"Y",61,NA,NA,NA,"gid_2016_07_29_bosmlb_anamlb_1","0-0"
"84","Swinging Strike","Strike tirándole",466,"S","041934","2016-07-30T04:19:34Z",90.36,183.89,"466","160729_212136","95f18a73-5b5c-4881-9c88-48e27fd0ba5c",75.7,69.3,3.38,1.56,8.78,-4.62,0.699,2.033,-1.209,50,6.438,1.675,-110.962,-0.858,10.694,24.207,-37.725,"23.8","-16.1","13.2","CU",0.904,9,40,62.567,1575.34,"","","http://gd2.mlb.com/components/game/mlb/year_2016/month_07/day_29/gid_2016_07_29_bosmlb_anamlb_1/inning/inning_all.xml","bottom",8,"Y",61,NA,NA,NA,"gid_2016_07_29_bosmlb_anamlb_1","0-1"
"85","Ball","Bola mala",467,"B","041950","2016-07-30T04:19:50Z",100.15,227.17,"467","160729_212152","d931d2c3-613f-4480-a5c3-ee4a22d69bec",74.1,68.3,3.13,1.56,8.97,-5.72,0.442,0.43,-1.144,50,6.291,0.904,-108.646,-3.312,10.456,23.362,-38.773,"23.8","-15.0","14.2","CU",0.911,14,23,57.742,1651.035,"","","http://gd2.mlb.com/components/game/mlb/year_2016/month_07/day_29/gid_2016_07_29_bosmlb_anamlb_1/inning/inning_all.xml","bottom",8,"Y",61,NA,NA,NA,"gid_2016_07_29_bosmlb_anamlb_1","0-2"
"86","Ball","Bola mala",468,"B","042011","2016-07-30T04:20:11Z",107.36,203.06,"468","160729_212210","1b17f934-28ba-4530-a3eb-239ceca1b248",89.4,82.1,3.38,1.56,-10.03,6.34,0.253,1.323,-0.975,50,6.183,6.511,-130.705,-8.382,-17.239,29.316,-21.21,"23.8","34.6","6.6","FT",0.92,14,48,237.543,2267.683,"","","http://gd2.mlb.com/components/game/mlb/year_2016/month_07/day_29/gid_2016_07_29_bosmlb_anamlb_1/inning/inning_all.xml","bottom",8,"Y",61,NA,NA,NA,"gid_2016_07_29_bosmlb_anamlb_1","1-2"
"87","Foul","Foul",469,"S","042024","2016-07-30T04:20:24Z",108.54,150.92,"469","160729_212226","7fa120d5-0d3c-4cbd-996a-db700e53c5ad",89,81.6,3.38,1.56,-9.44,6.77,0.222,3.254,-0.872,50,6.353,5.952,-130.291,-3.95,-16.142,28.837,-20.535,"23.8","34.8","6.2","FT",0.898,2,49,234.206,2215.91,"","","http://gd2.mlb.com/components/game/mlb/year_2016/month_07/day_29/gid_2016_07_29_bosmlb_anamlb_1/inning/inning_all.xml","bottom",8,"Y",61,NA,NA,NA,"gid_2016_07_29_bosmlb_anamlb_1","2-2"
"88","Foul","Foul",470,"S","042048","2016-07-30T04:20:48Z",111.7,155.94,"470","160729_212249","d881bdca-d371-4d43-95c2-c96a4128cfa8",74.1,67.8,3.38,1.56,8.17,-6.16,0.139,3.068,-1.294,50,6.504,0.799,-108.696,1.934,9.567,22.854,-39.308,"23.7","-14.0","14.0","CU",0.909,2,24,53.288,1592.855,"","","http://gd2.mlb.com/components/game/mlb/year_2016/month_07/day_29/gid_2016_07_29_bosmlb_anamlb_1/inning/inning_all.xml","bottom",8,"Y",61,NA,NA,NA,"gid_2016_07_29_bosmlb_anamlb_1","2-2"
"89","In play, out(s)","En juego, out(s)",471,"X","042113","2016-07-30T04:21:13Z",121.99,159.86,"471","160729_212311","a8ce086b-bea7-4d1c-9fe6-593e26913e26",90.5,82.9,3.38,1.56,-9.19,5.24,-0.131,2.923,-0.967,50,6.157,5.291,-132.562,-4.051,-16.215,30.559,-22.858,"23.8","32.3","6.5","FT",0.93,2,33,240.121,2046.632,"","","http://gd2.mlb.com/components/game/mlb/year_2016/month_07/day_29/gid_2016_07_29_bosmlb_anamlb_1/inning/inning_all.xml","bottom",8,"Y",61,NA,NA,NA,"gid_2016_07_29_bosmlb_anamlb_1","2-2"
"90","Swinging Strike","Strike tirándole",475,"S","042159","2016-07-30T04:21:59Z",78.77,194.77,"475","160729_212359","65e7fdec-f421-4064-9769-a160366a1eaa",84.9,78.2,3.28,1.49,1.06,3.03,1.003,1.63,-1.195,50,6.114,5.041,-124.278,-5.363,1.641,26.773,-27.403,"23.8","-5.2","7.5","SL",0.905,14,88,161.021,588.976,"","","http://gd2.mlb.com/components/game/mlb/year_2016/month_07/day_29/gid_2016_07_29_bosmlb_anamlb_1/inning/inning_all.xml","bottom",8,"Y",62,NA,NA,NA,"gid_2016_07_29_bosmlb_anamlb_1","0-0"
"91","Ball","Bola mala",476,"B","042218","2016-07-30T04:22:18Z",57.23,156.83,"476","160729_212418","ad7ada64-4675-4c57-a2d0-f95bf6f96451",82.2,76.1,3.18,1.38,2.22,0.92,1.568,3.035,-0.993,50,6.41,5.404,-120.477,-1.552,3.255,23.766,-30.757,"23.8","-7.7","8.7","SL",0.846,12,26,113.525,427.497,"","","http://gd2.mlb.com/components/game/mlb/year_2016/month_07/day_29/gid_2016_07_29_bosmlb_anamlb_1/inning/inning_all.xml","bottom",8,"Y",62,NA,NA,NA,"gid_2016_07_29_bosmlb_anamlb_1","0-1"
"92","Called Strike","Strike cantado",477,"S","042230","2016-07-30T04:22:30Z",82.73,184.13,"477","160729_212432","8742a962-3372-436e-a2be-7ae676d99c7c",88.3,80.9,3.14,1.49,-8.53,6.18,0.899,2.024,-0.651,50,6.172,6.752,-129.228,-6.266,-14.297,29.135,-21.748,"23.8","29.1","6.4","FT",0.849,14,58,233.898,1986.511,"","","http://gd2.mlb.com/components/game/mlb/year_2016/month_07/day_29/gid_2016_07_29_bosmlb_anamlb_1/inning/inning_all.xml","bottom",8,"Y",62,NA,NA,NA,"gid_2016_07_29_bosmlb_anamlb_1","1-1"
"93","Foul","Foul",478,"S","042306","2016-07-30T04:23:06Z",143.72,206.46,"478","160729_212506","05c3e31a-22ed-4c67-ad4e-67967fac0279",79,73.1,3.28,1.49,-7.32,2.76,-0.701,1.197,-1.085,50,6.207,3.042,-115.752,-5.203,-9.879,22.676,-28.377,"23.8","17.7","9.3","CH",0.944,13,59,248.975,1326.495,"","","http://gd2.mlb.com/components/game/mlb/year_2016/month_07/day_29/gid_2016_07_29_bosmlb_anamlb_1/inning/inning_all.xml","bottom",8,"Y",62,NA,NA,NA,"gid_2016_07_29_bosmlb_anamlb_1","1-2"
"94","Foul","Foul",479,"S","042327","2016-07-30T04:23:27Z",95.2,168.93,"479","160729_212529","a7289a8a-ea5f-426f-a96a-fbbba75aae24",89.5,82.6,3.28,1.49,-9.02,7.17,0.572,2.587,-0.845,50,6.219,6.696,-130.924,-5.598,-15.678,27.227,-19.641,"23.8","34.6","5.9","FT",0.897,6,51,231.36,2224.173,"","","http://gd2.mlb.com/components/game/mlb/year_2016/month_07/day_29/gid_2016_07_29_bosmlb_anamlb_1/inning/inning_all.xml","bottom",8,"Y",62,NA,NA,NA,"gid_2016_07_29_bosmlb_anamlb_1","1-2"
"95","In play, out(s)","En juego, out(s)",480,"X","042355","2016-07-30T04:23:55Z",146.05,197.96,"480","160729_212554","cbbef6c9-f0d9-42bc-9163-2d5343292f93",90.1,83.2,3.28,1.49,-7.98,6.41,-0.762,1.512,-0.959,50,6.071,3.208,-131.903,-7.865,-14.031,28.423,-20.831,"23.8","30.8","6.0","FT",0.817,13,69,231.046,1984.471,"","","http://gd2.mlb.com/components/game/mlb/year_2016/month_07/day_29/gid_2016_07_29_bosmlb_anamlb_1/inning/inning_all.xml","bottom",8,"Y",62,NA,NA,NA,"gid_2016_07_29_bosmlb_anamlb_1","1-2"
"96","Called Strike","Strike cantado",484,"S","042427","2016-07-30T04:24:27Z",115.28,150.38,"484","160729_212630","f45fe9ea-338d-48f0-ae71-6bf0d19d485d",89.5,81.9,3.45,1.57,-8.1,6.2,0.045,3.274,-0.777,50,6.343,4.826,-131.057,-3.762,-13.962,29.881,-21.401,"23.8","30.1","6.1","FT",0.877,2,43,232.346,1952.175,"","","http://gd2.mlb.com/components/game/mlb/year_2016/month_07/day_29/gid_2016_07_29_bosmlb_anamlb_1/inning/inning_all.xml","bottom",8,"Y",63,NA,NA,NA,"gid_2016_07_29_bosmlb_anamlb_1","0-0"
"97","In play, out(s)","En juego, out(s)",485,"X","042449","2016-07-30T04:24:49Z",142.27,151.98,"485","160729_212646","11a832dc-c3b5-4d76-8a14-b5dbb540efe5",90.4,82.9,3.45,1.57,-9.36,6.52,-0.663,3.215,-0.917,50,6.234,3.833,-132.416,-3.93,-16.533,29.687,-20.584,"23.8","36.2","6.1","FT",0.912,1,62,234.968,2212.153,"","","http://gd2.mlb.com/components/game/mlb/year_2016/month_07/day_29/gid_2016_07_29_bosmlb_anamlb_1/inning/inning_all.xml","bottom",8,"Y",63,NA,NA,NA,"gid_2016_07_29_bosmlb_anamlb_1","0-1"
"98","Called Strike","Strike cantado",521,"S","043534","2016-07-30T04:35:34Z",140.18,144.36,"521","160729_213736","0047230b-00cc-40e3-a053-f291418d8756",86.7,78.9,3.2,1.49,-10.41,5.03,-0.608,3.497,-1.063,50,6.292,4.496,-127.1,-2.155,-16.756,29.849,-23.993,"23.7","32.7","7.4","FT",0.706,11,68,243.976,2128.405,"","","http://gd2.mlb.com/components/game/mlb/year_2016/month_07/day_29/gid_2016_07_29_bosmlb_anamlb_1/inning/inning_all.xml","bottom",9,"N",68,NA,NA,NA,"gid_2016_07_29_bosmlb_anamlb_1","0-0"
"99","Ball","Bola mala",522,"B","043554","2016-07-30T04:35:54Z",156.18,144.5,"522","160729_213754","7cdc835b-c7ce-44da-8b12-9814e4d824fd",71.9,66.2,3.2,1.49,9.4,-6.73,-1.028,3.492,-1.357,50,6.766,-1.84,-105.439,2.783,10.433,20.244,-39.569,"23.8","-14.5","14.8","CU",0.912,11,56,54.67,1759.561,"","","http://gd2.mlb.com/components/game/mlb/year_2016/month_07/day_29/gid_2016_07_29_bosmlb_anamlb_1/inning/inning_all.xml","bottom",9,"N",68,NA,NA,NA,"gid_2016_07_29_bosmlb_anamlb_1","0-1"
"100","Ball","Bola mala",523,"B","043615","2016-07-30T04:36:15Z",120.77,119.74,"523","160729_213817","66c54b6a-c8bc-489c-a48d-2dc4c36d81e8",84.6,77.7,3.2,1.49,3.44,2.47,-0.099,4.409,-1.293,50,6.249,1.827,-124.131,1.281,5.339,26.063,-28.271,"23.8","-11.5","7.5","SL",0.919,11,14,126.169,772.953,"","","http://gd2.mlb.com/components/game/mlb/year_2016/month_07/day_29/gid_2016_07_29_bosmlb_anamlb_1/inning/inning_all.xml","bottom",9,"N",68,NA,NA,NA,"gid_2016_07_29_bosmlb_anamlb_1","1-1"
"101","Swinging Strike","Strike tirándole",524,"S","043635","2016-07-30T04:36:35Z",140.18,172.79,"524","160729_213835","a30bef5d-68d4-4e97-836b-0192168ba87f",89.7,82.5,3.2,1.49,-7.02,10.11,-0.608,2.444,-1.166,50,5.981,3.807,-131.339,-6.366,-12.236,28.45,-14.483,"23.8","35.8","4.6","FF",0.854,4,40,214.669,2376.042,"","","http://gd2.mlb.com/components/game/mlb/year_2016/month_07/day_29/gid_2016_07_29_bosmlb_anamlb_1/inning/inning_all.xml","bottom",9,"N",68,NA,NA,NA,"gid_2016_07_29_bosmlb_anamlb_1","2-1"
"102","In play, out(s)","En juego, out(s)",525,"X","043706","2016-07-30T04:37:06Z",109.15,163.34,"525","160729_213905","ee8387f9-7822-4d29-b9fd-3708f5c0dff8",89.1,82.1,3.2,1.49,-9.09,4.45,0.206,2.794,-0.969,50,6.168,6.064,-130.476,-3.932,-15.64,27.973,-24.452,"23.8","29.7","6.9","FT",0.928,2,41,243.722,1939.452,"","","http://gd2.mlb.com/components/game/mlb/year_2016/month_07/day_29/gid_2016_07_29_bosmlb_anamlb_1/inning/inning_all.xml","bottom",9,"N",68,NA,NA,NA,"gid_2016_07_29_bosmlb_anamlb_1","2-2"
"103","Called Strike","Strike cantado",529,"S","043746","2016-07-30T04:37:46Z",106.94,146.6,"529","160729_213948","eb419a3b-90c5-4be4-8b89-956113c2a3c7",87.9,80.6,3.76,1.66,-9.69,5.3,0.264,3.414,-0.882,50,6.461,6.093,-128.772,-3.135,-16.159,28.55,-23.26,"23.8","31.8","6.9","FT",0.867,3,48,241.116,2079.149,"","","http://gd2.mlb.com/components/game/mlb/year_2016/month_07/day_29/gid_2016_07_29_bosmlb_anamlb_1/inning/inning_all.xml","bottom",9,"N",69,NA,NA,NA,"gid_2016_07_29_bosmlb_anamlb_1","0-0"
"104","In play, out(s)","En juego, out(s)",530,"X","043810","2016-07-30T04:38:10Z",104.76,166.8,"530","160729_214006","834ed023-87d1-413e-99eb-9573326cda8f",71.8,66,3.54,1.66,9.42,-6.93,0.321,2.666,-1.078,50,6.649,0.372,-105.28,1.427,10.359,21.206,-39.725,"23.8","-14.7","15.1","CU",0.913,6,20,53.91,1766.486,"","","http://gd2.mlb.com/components/game/mlb/year_2016/month_07/day_29/gid_2016_07_29_bosmlb_anamlb_1/inning/inning_all.xml","bottom",9,"N",69,NA,NA,NA,"gid_2016_07_29_bosmlb_anamlb_1","0-1"
"105","Called Strike","Strike cantado",534,"S","043843","2016-07-30T04:38:43Z",101.64,183.54,"534","160729_214045","5ca74055-bc49-4dcb-97c1-733bd691b242",87.2,79.5,3.35,1.58,-7.66,12.48,0.403,2.046,-1.09,50,6.184,6.23,-127.513,-8.018,-12.468,28.926,-11.776,"23.7","39.3","4.4","FF",0.744,9,57,211.434,2719.988,"","","http://gd2.mlb.com/components/game/mlb/year_2016/month_07/day_29/gid_2016_07_29_bosmlb_anamlb_1/inning/inning_all.xml","bottom",9,"N",70,NA,NA,NA,"gid_2016_07_29_bosmlb_anamlb_1","0-0"
"106","Called Strike","Strike cantado",535,"S","043855","2016-07-30T04:38:55Z",109.8,162.72,"535","160729_214058","4bff9218-4495-4d2c-9842-d82d0303b933",73,66.4,3.18,1.58,7.36,-5.75,0.189,2.817,-1.152,50,6.687,0.816,-107.105,1.159,8.286,23.699,-38.573,"23.7","-12.4","14.2","CU",0.911,2,24,52.321,1418.103,"","","http://gd2.mlb.com/components/game/mlb/year_2016/month_07/day_29/gid_2016_07_29_bosmlb_anamlb_1/inning/inning_all.xml","bottom",9,"N",70,NA,NA,NA,"gid_2016_07_29_bosmlb_anamlb_1","0-1"
"107","In play, out(s)","En juego, out(s)",536,"X","043933","2016-07-30T04:39:33Z",148.37,177.44,"536","160729_214131","7af69386-d2e0-4247-81a7-515d65b833a1",86.4,79.6,3.35,1.58,1.17,3.22,-0.823,2.272,-1.526,50,6.011,1.378,-126.681,-3.945,1.893,27.072,-26.893,"23.8","-4.5","7.0","SL",0.92,13,43,160.281,642.474,"","","http://gd2.mlb.com/components/game/mlb/year_2016/month_07/day_29/gid_2016_07_29_bosmlb_anamlb_1/inning/inning_all.xml","bottom",9,"N",70,NA,NA,NA,"gid_2016_07_29_bosmlb_anamlb_1","0-2"
"108","Called Strike","Strike cantado",27,"S","231732","2016-04-25T23:17:32Z",125.88,195.23,"27","160425_192614","f6a3dd25-da0c-458f-8885-de54324ef36b",88.9,82.5,3.6,1.68,-9.24,5.44,-0.23,1.61,-1.48,50,6.06,6.29,-130.05,-7.01,-15.89,26.14,-22.74,"23.8","31.4","6.6","FT",0.927,13,54,239.301,2061.496,"","","http://gd2.mlb.com/components/game/mlb/year_2016/month_04/day_25/gid_2016_04_25_bosmlb_atlmlb_1/inning/inning_all.xml","bottom",1,"Y",4,NA,NA,NA,"gid_2016_04_25_bosmlb_atlmlb_1","0-0"
"109","Ball","Bola mala",28,"B","231747","2016-04-25T23:17:47Z",73.09,159.78,"28","160425_192629","2b238ab9-4ac6-40b4-b46f-c417eb53bf70",90.7,83.9,3.68,1.68,-2.62,9.55,1.15,2.93,-1.57,50,6.17,8.04,-132.72,-5.68,-4.7,27.01,-14.98,"23.8","11.0","3.7","FF",0.936,12,53,195.287,1948.456,"","","http://gd2.mlb.com/components/game/mlb/year_2016/month_04/day_25/gid_2016_04_25_bosmlb_atlmlb_1/inning/inning_all.xml","bottom",1,"Y",4,NA,NA,NA,"gid_2016_04_25_bosmlb_atlmlb_1","0-1"
"110","In play, out(s)","En juego, out(s)",29,"X","231814","2016-04-25T23:18:14Z",140.37,185.24,"29","160425_192650","c157c7da-1a48-4bad-b77b-2b03987c7aa4",73.4,68.3,3.57,1.68,8.22,-8.37,-0.61,1.98,-1.63,50,6.52,-0.1,-107.71,0.27,9.57,20.32,-41.84,"23.8","-12.8","14.9","CU",0.912,7,41,44.713,1832.109,"","","http://gd2.mlb.com/components/game/mlb/year_2016/month_04/day_25/gid_2016_04_25_bosmlb_atlmlb_1/inning/inning_all.xml","bottom",1,"Y",4,NA,NA,NA,"gid_2016_04_25_bosmlb_atlmlb_1","1-1"
"111","Called Strike","Strike cantado",33,"S","231846","2016-04-25T23:18:46Z",106.71,163.96,"33","160425_192727","13f5d198-bd0d-4b2e-859a-40c64888759b",90.1,83.6,3.43,1.45,-6.13,7.87,0.27,2.77,-1.29,50,6.31,6.16,-131.85,-5.77,-10.89,25.93,-18.14,"23.8","26.8","4.9","FF",0.641,6,50,217.809,1954.578,"","","http://gd2.mlb.com/components/game/mlb/year_2016/month_04/day_25/gid_2016_04_25_bosmlb_atlmlb_1/inning/inning_all.xml","bottom",1,"Y",5,NA,NA,NA,"gid_2016_04_25_bosmlb_atlmlb_1","0-0"
"112","Swinging Strike","Strike tirándole",34,"S","231910","2016-04-25T23:19:10Z",180.12,191.94,"34","160425_192745","1b19b564-4bd7-449c-a190-2401bb2d3934",89.5,82.3,3.28,1.44,-9.01,5.15,-1.66,1.74,-1.62,50,6.06,2.91,-131.12,-6.67,-15.58,29.49,-23.2,"23.8","31.2","6.8","FT",0.934,13,36,240.058,1989.369,"","","http://gd2.mlb.com/components/game/mlb/year_2016/month_04/day_25/gid_2016_04_25_bosmlb_atlmlb_1/inning/inning_all.xml","bottom",1,"Y",5,NA,NA,NA,"gid_2016_04_25_bosmlb_atlmlb_1","0-1"
"113","Ball","Bola mala",35,"B","231921","2016-04-25T23:19:21Z",44.08,207.08,"35","160425_192802","328aa5c4-da52-45c4-abc9-2b89e8961fbb",84.4,78.9,3.35,1.44,3.45,0.73,1.91,1.17,-1.3,50,6.06,6.76,-123.42,-5.61,5.36,23.06,-30.96,"23.9","-11.4","8.5","SL",0.911,14,36,102.762,646.018,"","","http://gd2.mlb.com/components/game/mlb/year_2016/month_04/day_25/gid_2016_04_25_bosmlb_atlmlb_1/inning/inning_all.xml","bottom",1,"Y",5,NA,NA,NA,"gid_2016_04_25_bosmlb_atlmlb_1","0-2"
"114","Foul","Foul",36,"S","231940","2016-04-25T23:19:40Z",169.03,182.57,"36","160425_192819","d86ac27e-89f3-4b42-8ff5-fcfb4fc1924f",90.3,83.9,3.28,1.44,-8.35,5.51,-1.37,2.08,-1.56,50,6.07,3.36,-132.26,-6.2,-14.89,26.45,-22.27,"23.8","31.3","6.2","FT",0.921,13,28,236.37,1961.615,"","","http://gd2.mlb.com/components/game/mlb/year_2016/month_04/day_25/gid_2016_04_25_bosmlb_atlmlb_1/inning/inning_all.xml","bottom",1,"Y",5,NA,NA,NA,"gid_2016_04_25_bosmlb_atlmlb_1","1-2"
"115","In play, out(s)","En juego, out(s)",37,"X","232006","2016-04-25T23:20:06Z",104.54,159.29,"37","160425_192844","93b9aff5-c9f1-4ae2-8cef-5852dcf05daa",81.8,77.1,3.28,1.44,3.7,-0.39,0.33,2.94,-1.56,50,6.27,3.36,-119.92,-1.09,5.49,18.96,-32.68,"23.9","-10.3","9.1","SL",0.827,3,39,84.734,666.991,"","","http://gd2.mlb.com/components/game/mlb/year_2016/month_04/day_25/gid_2016_04_25_bosmlb_atlmlb_1/inning/inning_all.xml","bottom",1,"Y",5,NA,NA,NA,"gid_2016_04_25_bosmlb_atlmlb_1","1-2"
"116","Ball","Bola mala",41,"B","232052","2016-04-25T23:20:52Z",118.14,143.9,"41","160425_192920","207aa80a-76b7-4801-a297-7b06796520ea",88.4,81.2,3.5,1.67,-7.15,4.91,-0.03,3.51,-1.23,50,6.34,5.44,-129.45,-2.55,-12.09,27.95,-23.8,"23.8","24.2","6.4","FT",0.865,11,46,235.291,1648.24,"","","http://gd2.mlb.com/components/game/mlb/year_2016/month_04/day_25/gid_2016_04_25_bosmlb_atlmlb_1/inning/inning_all.xml","bottom",1,"Y",6,NA,NA,NA,"gid_2016_04_25_bosmlb_atlmlb_1","0-0"
"117","Ball","Bola mala",42,"B","232053","2016-04-25T23:20:53Z",131.94,129.46,"42","160425_192934","0da8512f-fdf7-4b89-8834-b87f92eda0cf",90,82.7,3.54,1.63,-7.51,5.03,-0.39,4.05,-1.41,50,6.48,5.19,-131.84,-1.85,-13.18,28.72,-23.28,"23.8","27.0","6.2","FT",0.913,11,40,235.987,1749.673,"","","http://gd2.mlb.com/components/game/mlb/year_2016/month_04/day_25/gid_2016_04_25_bosmlb_atlmlb_1/inning/inning_all.xml","bottom",1,"Y",6,NA,NA,NA,"gid_2016_04_25_bosmlb_atlmlb_1","1-0"
"118","In play, no out","En juego, no out",43,"X","232113","2016-04-25T23:21:13Z",139.07,182.84,"43","160425_192954","9fae62d6-d29c-4b5b-9eb7-4c0d3b3dbe78",89.1,81.8,3.31,1.49,-8.4,4.79,-0.58,2.07,-1.47,50,6.14,5.08,-130.43,-5.78,-14.37,29.24,-23.9,"23.8","27.9","6.8","FT",0.923,7,53,240.067,1844.405,"","","http://gd2.mlb.com/components/game/mlb/year_2016/month_04/day_25/gid_2016_04_25_bosmlb_atlmlb_1/inning/inning_all.xml","bottom",1,"Y",6,NA,NA,NA,"gid_2016_04_25_bosmlb_atlmlb_1","2-0"
"119","Foul","Foul",47,"S","232153","2016-04-25T23:21:53Z",149.78,177.14,"47","160425_193034","e3d25458-073a-4c34-b0b4-1108d017af2c",80,73.7,3.61,1.67,-7.79,2.34,-0.86,2.28,-1.4,50,6.24,3.58,-117.28,-2.89,-10.77,23.76,-28.87,"23.8","18.9","9.1","CH",0.934,13,74,252.945,1393.558,"","","http://gd2.mlb.com/components/game/mlb/year_2016/month_04/day_25/gid_2016_04_25_bosmlb_atlmlb_1/inning/inning_all.xml","bottom",1,"Y",7,611177,NA,NA,"gid_2016_04_25_bosmlb_atlmlb_1","0-0"
"120","Swinging Strike","Strike tirándole",48,"S","232220","2016-04-25T23:22:20Z",143.42,141.26,"48","160425_193102","c53ca428-199f-4bfb-8bc0-4738f367d3f0",92.4,85.2,3.61,1.67,-3.03,9.48,-0.69,3.61,-1.54,50,6.13,3.32,-135.47,-4.04,-5.64,28.98,-14.44,"23.8","17.9","3.5","FF",0.95,1,62,197.641,1992.912,"","","http://gd2.mlb.com/components/game/mlb/year_2016/month_04/day_25/gid_2016_04_25_bosmlb_atlmlb_1/inning/inning_all.xml","bottom",1,"Y",7,611177,NA,NA,"gid_2016_04_25_bosmlb_atlmlb_1","0-1"
"121","Foul","Foul",49,"S","232247","2016-04-25T23:22:47Z",118.3,176.44,"49","160425_193125","e683461d-f998-4dfe-bcb1-84906f74ac20",93.3,86.4,3.61,1.67,-1.2,10.83,-0.03,2.31,-1.43,50,6.06,4.19,-136.52,-8,-2.28,28.22,-11.52,"23.8","6.3","2.8","FF",0.963,8,26,186.298,2208.21,"","","http://gd2.mlb.com/components/game/mlb/year_2016/month_04/day_25/gid_2016_04_25_bosmlb_atlmlb_1/inning/inning_all.xml","bottom",1,"Y",7,611177,NA,NA,"gid_2016_04_25_bosmlb_atlmlb_1","0-2"
"122","Foul","Foul",50,"S","232312","2016-04-25T23:23:12Z",134.8,156,"50","160425_193152","52b89bf1-4a3e-45d7-a0c5-411306f66019",93,85.5,3.61,1.67,-3.64,10.05,-0.47,3.07,-1.55,50,6.07,4.18,-136.27,-5.62,-6.84,30.41,-13.23,"23.8","22.3","3.4","FF",0.945,1,43,199.851,2144.29,"","","http://gd2.mlb.com/components/game/mlb/year_2016/month_04/day_25/gid_2016_04_25_bosmlb_atlmlb_1/inning/inning_all.xml","bottom",1,"Y",7,611177,NA,NA,"gid_2016_04_25_bosmlb_atlmlb_1","0-2"
"123","Ball","Bola mala",51,"B","232421","2016-04-25T23:24:21Z",162.86,209.62,"51","160425_193240","cbd244d2-4c61-4ad1-b52b-f439e9859b14",82.1,76.3,3.68,1.67,-5.24,4.42,-1.2,1.08,-1.58,50,6.09,2.51,-120.22,-6.5,-7.69,22.79,-25.61,"23.8","15.2","7.7","CH",0.856,13,44,229.516,1220.108,"","","http://gd2.mlb.com/components/game/mlb/year_2016/month_04/day_25/gid_2016_04_25_bosmlb_atlmlb_1/inning/inning_all.xml","bottom",1,"Y",7,611177,NA,NA,"gid_2016_04_25_bosmlb_atlmlb_1","0-2"
"124","Ball","Bola mala",52,"B","232423","2016-04-25T23:24:23Z",183.44,125.11,"52","160425_193306","ec225128-768c-4099-b464-525eb7a35430",93,86.3,3.53,1.67,-2.18,5.64,-1.74,4.21,-1.71,50,6.21,0.68,-136.37,-1.44,-4.15,27.37,-21.39,"23.8","10.5","4.7","FF",0.927,11,27,201.047,1229.283,"","","http://gd2.mlb.com/components/game/mlb/year_2016/month_04/day_25/gid_2016_04_25_bosmlb_atlmlb_1/inning/inning_all.xml","bottom",1,"Y",7,611177,NA,NA,"gid_2016_04_25_bosmlb_atlmlb_1","1-2"
"125","In play, out(s)","En juego, out(s)",53,"X","232453","2016-04-25T23:24:53Z",92.3,174.93,"53","160425_193329","60397108-0148-4c8e-8084-ec6f88187b2f",90.4,83.5,3.61,1.67,-6.36,7.4,0.65,2.37,-1.26,50,6.08,7.14,-132.3,-6.07,-11.3,27.67,-18.95,"23.8","26.1","5.1","FT",0.505,6,52,220.513,1907.441,"","","http://gd2.mlb.com/components/game/mlb/year_2016/month_04/day_25/gid_2016_04_25_bosmlb_atlmlb_1/inning/inning_all.xml","bottom",1,"Y",7,611177,NA,NA,"gid_2016_04_25_bosmlb_atlmlb_1","2-2"
"126","Called Strike","Strike cantado",87,"S","233459","2016-04-25T23:34:59Z",122.26,160.18,"87","160425_194334","a3a5d521-cd16-4740-818b-37a43c615daf",82.5,77.4,3.43,1.6,3.18,1.16,-0.14,2.91,-1.59,50,6.3,2.5,-121.02,-1.83,4.78,20.52,-30.35,"23.9","-9.5","8.4","SL",0.883,2,56,110.887,613.326,"","","http://gd2.mlb.com/components/game/mlb/year_2016/month_04/day_25/gid_2016_04_25_bosmlb_atlmlb_1/inning/inning_all.xml","bottom",2,"Y",12,NA,NA,NA,"gid_2016_04_25_bosmlb_atlmlb_1","0-0"
"127","Swinging Strike","Strike tirándole",88,"S","233503","2016-04-25T23:35:03Z",148.83,173.85,"88","160425_194346","a327c863-5751-46a9-b5ac-f31d5bc45f05",88.3,82.5,3.46,1.58,-5.34,6.97,-0.84,2.41,-1.58,50,6.15,3.71,-129.35,-5.7,-9.17,23.49,-20.13,"23.9","22.0","5.4","FF",0.555,13,48,217.284,1697.824,"","","http://gd2.mlb.com/components/game/mlb/year_2016/month_04/day_25/gid_2016_04_25_bosmlb_atlmlb_1/inning/inning_all.xml","bottom",2,"Y",12,NA,NA,NA,"gid_2016_04_25_bosmlb_atlmlb_1","0-1"
"128","Ball","Bola mala",89,"B","233517","2016-04-25T23:35:17Z",94.66,102.7,"89","160425_194401","a28d72d3-f3d9-4ef4-8a51-3b1abc7db9cf",90.9,84,3.58,1.67,-2.23,5.14,0.59,5.04,-1.39,50,6.37,5.97,-133.2,0.82,-4.03,27.28,-22.82,"23.8","7.1","5.1","FF",0.832,12,39,203.306,1109.347,"","","http://gd2.mlb.com/components/game/mlb/year_2016/month_04/day_25/gid_2016_04_25_bosmlb_atlmlb_1/inning/inning_all.xml","bottom",2,"Y",12,NA,NA,NA,"gid_2016_04_25_bosmlb_atlmlb_1","0-2"
"129","Swinging Strike","Strike tirándole",90,"S","233539","2016-04-25T23:35:39Z",72.94,202.84,"90","160425_194419","757eb4a7-251e-4251-a0e2-e15afded073c",82.1,77.2,3.46,1.58,4.96,-1.54,1.16,1.33,-1.47,50,6.01,4.73,-120.31,-3.95,7.34,21.18,-34.38,"23.9","-12.9","9.8","SL",0.763,14,60,73.272,924.219,"","","http://gd2.mlb.com/components/game/mlb/year_2016/month_04/day_25/gid_2016_04_25_bosmlb_atlmlb_1/inning/inning_all.xml","bottom",2,"Y",12,NA,NA,NA,"gid_2016_04_25_bosmlb_atlmlb_1","1-2"
"130","In play, no out","En juego, no out",94,"X","233613","2016-04-25T23:36:13Z",137.74,183.21,"94","160425_194449","c32cdaaa-3c1c-49ac-8a4a-858934c18c82",82.3,76.6,3.57,1.66,-4.96,4.34,-0.54,2.06,-1.38,50,6.08,3.54,-120.59,-4.22,-7.35,22.04,-25.67,"23.9","14.3","7.4","CH",0.874,7,66,228.494,1180.754,"","","http://gd2.mlb.com/components/game/mlb/year_2016/month_04/day_25/gid_2016_04_25_bosmlb_atlmlb_1/inning/inning_all.xml","bottom",2,"Y",13,NA,NA,NA,"gid_2016_04_25_bosmlb_atlmlb_1","0-0"
"131","Called Strike","Strike cantado",98,"S","233653","2016-04-25T23:36:53Z",104.5,163.8,"98","160425_194531","1b48dbb7-9a86-4ce8-8215-9cdacad961a1",91.6,84.8,3.35,1.46,-6.83,7.93,0.33,2.78,-1.33,50,6.19,6.76,-134.06,-5.74,-12.5,27.21,-17.57,"23.8","30.9","4.8","FF",0.5,3,53,220.56,2080.3,"","","http://gd2.mlb.com/components/game/mlb/year_2016/month_04/day_25/gid_2016_04_25_bosmlb_atlmlb_1/inning/inning_all.xml","bottom",2,"Y",14,518692,NA,NA,"gid_2016_04_25_bosmlb_atlmlb_1","0-0"
"132","Ball","Bola mala",99,"B","233720","2016-04-25T23:37:20Z",101.03,219.1,"99","160425_194557","588dfb63-994f-4b5a-9912-a28ce50e8afa",86.9,81.3,3.35,1.56,1.35,2.68,0.42,0.73,-1.61,50,5.81,4.68,-127.15,-7.31,2.23,23.91,-27.67,"23.9","-5.9","7.1","SL",0.934,14,27,153.661,573.447,"","","http://gd2.mlb.com/components/game/mlb/year_2016/month_04/day_25/gid_2016_04_25_bosmlb_atlmlb_1/inning/inning_all.xml","bottom",2,"Y",14,518692,NA,NA,"gid_2016_04_25_bosmlb_atlmlb_1","0-1"
"133","Called Strike","Strike cantado",101,"S","233749","2016-04-25T23:37:49Z",121.15,187.26,"101","160425_194630","24e6169c-51e6-4669-a801-1259db8eece4",90.5,82.8,3.35,1.56,-7.43,8.16,-0.11,1.91,-1.26,50,6.16,5.5,-132.39,-7.67,-13.07,30.65,-17.74,"23.8","31.3","5.3","FT",0.494,8,37,222.16,2133.837,"","","http://gd2.mlb.com/components/game/mlb/year_2016/month_04/day_25/gid_2016_04_25_bosmlb_atlmlb_1/inning/inning_all.xml","bottom",2,"Y",14,518692,NA,NA,"gid_2016_04_25_bosmlb_atlmlb_1","1-1"
"134","Ball","Bola mala",102,"B","233815","2016-04-25T23:38:15Z",75.6,178.87,"102","160425_194658","5a7a4e16-0e81-4acf-9432-d40544b2656c",91.2,83.1,3.28,1.46,-8.73,6.64,1.09,2.22,-1.16,50,6.06,8.84,-133.39,-6.17,-15.52,32.47,-20.3,"23.7","31.7","5.9","FT",0.906,14,59,232.58,2125.359,"","","http://gd2.mlb.com/components/game/mlb/year_2016/month_04/day_25/gid_2016_04_25_bosmlb_atlmlb_1/inning/inning_all.xml","bottom",2,"Y",14,518692,NA,NA,"gid_2016_04_25_bosmlb_atlmlb_1","1-2"
"135","Foul","Foul",103,"S","233850","2016-04-25T23:38:50Z",116.5,212.29,"103","160425_194728","9feb26bd-2cdd-4d81-9f1b-d6ee65dd4995",81.3,75,3.32,1.46,-8.63,5.39,0.01,0.98,-1.25,50,6.02,5.58,-118.9,-6.59,-12.3,23.78,-24.42,"23.8","23.7","8.0","CH",0.936,14,16,237.772,1774.14,"","","http://gd2.mlb.com/components/game/mlb/year_2016/month_04/day_25/gid_2016_04_25_bosmlb_atlmlb_1/inning/inning_all.xml","bottom",2,"Y",14,518692,NA,NA,"gid_2016_04_25_bosmlb_atlmlb_1","2-2"
"136","Ball","Bola mala",104,"B","233920","2016-04-25T23:39:20Z",67.33,161.59,"104","160425_194758","ea701bbc-27b2-4643-8046-98e504cc7d26",90.8,84.2,3.28,1.46,-6.04,4.52,1.3,2.86,-1.2,50,6.01,8.64,-132.83,-3.74,-10.87,26.43,-23.97,"23.8","20.5","5.9","FT",0.906,12,36,232.956,1487.422,"","","http://gd2.mlb.com/components/game/mlb/year_2016/month_04/day_25/gid_2016_04_25_bosmlb_atlmlb_1/inning/inning_all.xml","bottom",2,"Y",14,518692,NA,NA,"gid_2016_04_25_bosmlb_atlmlb_1","2-2"
"137","Foul (Runner Going)","Foul (Corredor en movimiento)",105,"S","233949","2016-04-25T23:39:49Z",131.87,169.39,"105","160425_194824","34229fae-3706-4be8-bbf4-cbb8d91b5694",80.5,74.7,3.32,1.46,-6.69,6.13,-0.39,2.57,-1.34,50,6.05,4.26,-118,-3.11,-9.48,21.48,-23.41,"23.8","20.1","7.3","CH",0.942,4,33,227.247,1587.302,"","","http://gd2.mlb.com/components/game/mlb/year_2016/month_04/day_25/gid_2016_04_25_bosmlb_atlmlb_1/inning/inning_all.xml","bottom",2,"Y",14,518692,NA,NA,"gid_2016_04_25_bosmlb_atlmlb_1","3-2"
"138","Foul (Runner Going)","Foul (Corredor en movimiento)",106,"S","234017","2016-04-25T23:40:17Z",158.78,163.8,"106","160425_194859","235635ec-083e-4484-9ff1-d4849b4f9596",92.1,84.9,3.32,1.46,-2.87,9.39,-1.1,2.78,-1.51,50,6.06,2.1,-134.87,-5.98,-5.29,29.03,-14.79,"23.8","16.8","3.7","FF",0.955,11,57,196.924,1954.642,"","","http://gd2.mlb.com/components/game/mlb/year_2016/month_04/day_25/gid_2016_04_25_bosmlb_atlmlb_1/inning/inning_all.xml","bottom",2,"Y",14,518692,NA,NA,"gid_2016_04_25_bosmlb_atlmlb_1","3-2"
"139","In play, out(s)","En juego, out(s)",107,"X","234102","2016-04-25T23:41:02Z",105.56,185.13,"107","160425_194933","694a3dc6-a852-4866-b4d1-f6404b5fa756",90.9,84.5,3.32,1.46,-6,7.75,0.3,1.99,-1.31,50,5.99,6.31,-132.92,-7.1,-10.85,25.68,-18.09,"23.9","26.5","4.9","FF",0.678,9,37,217.609,1940.49,"","","http://gd2.mlb.com/components/game/mlb/year_2016/month_04/day_25/gid_2016_04_25_bosmlb_atlmlb_1/inning/inning_all.xml","bottom",2,"Y",14,518692,NA,NA,"gid_2016_04_25_bosmlb_atlmlb_1","3-2"
"140","In play, out(s)","En juego, out(s)",112,"X","234140","2016-04-25T23:41:40Z",116.96,172.31,"112","160425_195016","993f13f6-af8e-47e4-9386-56ce5c8e95f1",90.8,83.6,3.28,1.51,-9.56,4.98,0,2.46,-1.33,50,6.07,6.74,-132.85,-5.02,-17.05,29,-23.23,"23.8","32.8","6.6","FT",0.935,5,29,242.319,2102.571,"","","http://gd2.mlb.com/components/game/mlb/year_2016/month_04/day_25/gid_2016_04_25_bosmlb_atlmlb_1/inning/inning_all.xml","bottom",2,"Y",15,NA,518692,NA,"gid_2016_04_25_bosmlb_atlmlb_1","0-0"
"141","Called Strike","Strike cantado",148,"S","235344","2016-04-25T23:53:44Z",138.73,164.69,"148","160425_200211","49c29d1e-43e4-407b-a97f-71c210bacfd2",85,77.9,3.61,1.56,-7.98,3.48,-0.57,2.74,-1.46,50,6.25,4.72,-124.5,-3.15,-12.42,27.05,-26.68,"23.8","22.7","7.7","CH",0.83,4,60,246.137,1582.563,"","","http://gd2.mlb.com/components/game/mlb/year_2016/month_04/day_25/gid_2016_04_25_bosmlb_atlmlb_1/inning/inning_all.xml","bottom",3,"Y",20,NA,NA,NA,"gid_2016_04_25_bosmlb_atlmlb_1","0-0"
"142","Called Strike","Strike cantado",149,"S","235344","2016-04-25T23:53:44Z",90.51,190.37,"149","160425_200226","9561e30c-4265-4dc3-9984-4109b069b6a4",89.5,82.5,3.5,1.56,-8.74,5.06,0.7,1.79,-1.34,50,6.06,8.18,-130.85,-6.51,-15.13,27.94,-23.34,"23.8","28.7","6.6","FT",0.927,9,64,239.72,1942.526,"","","http://gd2.mlb.com/components/game/mlb/year_2016/month_04/day_25/gid_2016_04_25_bosmlb_atlmlb_1/inning/inning_all.xml","bottom",3,"Y",20,NA,NA,NA,"gid_2016_04_25_bosmlb_atlmlb_1","0-1"
"143","Called Strike","Strike cantado",150,"S","235401","2016-04-25T23:54:01Z",106.48,150.08,"150","160425_200240","8d0a15eb-77d8-4aef-adb8-cac95b417f6d",90.2,82.1,3.46,1.56,-9.27,4.12,0.28,3.29,-1.17,50,6.33,6.86,-132.01,-3.08,-16.12,31.75,-24.93,"23.7","29.5","6.9","FT",0.927,3,51,245.801,1942.237,"","","http://gd2.mlb.com/components/game/mlb/year_2016/month_04/day_25/gid_2016_04_25_bosmlb_atlmlb_1/inning/inning_all.xml","bottom",3,"Y",20,NA,NA,NA,"gid_2016_04_25_bosmlb_atlmlb_1","0-2"
"144","Ball","Bola mala",154,"B","235435","2016-04-25T23:54:35Z",97.26,145.66,"154","160425_200319","0e705cdd-6882-4868-be5e-f314ae3fd2fb",89.4,81.9,3.59,1.77,-7.89,6.1,0.52,3.45,-1.33,50,6.26,7.39,-130.92,-3.05,-13.6,29.42,-21.59,"23.8","28.3","6.0","FT",0.885,3,60,232.108,1909.68,"","","http://gd2.mlb.com/components/game/mlb/year_2016/month_04/day_25/gid_2016_04_25_bosmlb_atlmlb_1/inning/inning_all.xml","bottom",3,"Y",21,NA,NA,NA,"gid_2016_04_25_bosmlb_atlmlb_1","0-0"
"145","Ball","Bola mala",155,"B","235455","2016-04-25T23:54:55Z",95.04,139.04,"155","160425_200337","a13edc7d-ad46-4d8c-8944-d6862dde9894",90.6,82.5,3.5,1.84,-8.87,5.03,0.58,3.69,-1.33,50,6.16,7.96,-132.63,-1.96,-15.61,31.66,-23.25,"23.7","30.1","6.3","FT",0.922,12,67,240.243,1966.844,"","","http://gd2.mlb.com/components/game/mlb/year_2016/month_04/day_25/gid_2016_04_25_bosmlb_atlmlb_1/inning/inning_all.xml","bottom",3,"Y",21,NA,NA,NA,"gid_2016_04_25_bosmlb_atlmlb_1","1-0"
"146","Called Strike","Strike cantado",156,"S","235516","2016-04-25T23:55:16Z",135.68,159.72,"156","160425_200356","3c64aafc-aead-4e94-a0dc-4e845f45b61a",89.5,82.6,3.6,1.81,-9.05,5.78,-0.49,2.93,-1.34,50,6.23,5.23,-131.02,-4.28,-15.75,27.43,-22.05,"23.8","32.7","6.3","FT",0.924,4,48,237.267,2073.216,"","","http://gd2.mlb.com/components/game/mlb/year_2016/month_04/day_25/gid_2016_04_25_bosmlb_atlmlb_1/inning/inning_all.xml","bottom",3,"Y",21,NA,NA,NA,"gid_2016_04_25_bosmlb_atlmlb_1","2-0"
"147","Foul","Foul",157,"S","235533","2016-04-25T23:55:33Z",109.53,190.91,"157","160425_200413","17405992-74c0-4edd-acb5-00ef24616aa3",80.8,75.1,3.57,1.68,-6.66,5.44,0.2,1.77,-1.26,50,6.08,5.44,-118.25,-4.87,-9.48,21.52,-24.36,"23.8","18.8","7.6","CH",0.936,8,38,230.502,1507.257,"","","http://gd2.mlb.com/components/game/mlb/year_2016/month_04/day_25/gid_2016_04_25_bosmlb_atlmlb_1/inning/inning_all.xml","bottom",3,"Y",21,NA,NA,NA,"gid_2016_04_25_bosmlb_atlmlb_1","2-1"
"148","Swinging Strike","Strike tirándole",158,"S","235630","2016-04-25T23:56:30Z",143.11,155.13,"158","160425_200437","e927038a-3147-4c62-b130-45d32c94101a",91.8,84.7,3.57,1.68,-1.38,7.75,-0.69,3.1,-1.46,50,6.07,2.54,-134.5,-4.53,-2.54,28.61,-17.87,"23.8","6.1","4.2","FF",0.951,1,53,190.068,1567.035,"","","http://gd2.mlb.com/components/game/mlb/year_2016/month_04/day_25/gid_2016_04_25_bosmlb_atlmlb_1/inning/inning_all.xml","bottom",3,"Y",21,NA,NA,NA,"gid_2016_04_25_bosmlb_atlmlb_1","2-2"
"149","Called Strike","Strike cantado",162,"S","235636","2016-04-25T23:56:36Z",115.97,187.13,"162","160425_200508","43fdfe03-a3fd-4afe-b496-2959f6381e57",73.5,68.2,3.39,1.49,7.55,-8.92,0.03,1.91,-1.55,50,6.39,1.26,-107.74,0.55,8.78,20.65,-42.47,"23.8","-11.9","15.1","CU",0.911,8,66,40.455,1822.068,"","","http://gd2.mlb.com/components/game/mlb/year_2016/month_04/day_25/gid_2016_04_25_bosmlb_atlmlb_1/inning/inning_all.xml","bottom",3,"Y",22,NA,NA,NA,"gid_2016_04_25_bosmlb_atlmlb_1","0-0"
"150","Ball","Bola mala",163,"B","235639","2016-04-25T23:56:39Z",103.66,0,"163","160425_200523","6cf6a3e1-9703-4a05-a19f-62fb2efab734",82.7,76.8,3.39,1.44,-6.31,5.79,0.35,-0.92,-1.29,50,5.91,5.85,-120.58,-11.3,-9.29,23.6,-23.58,"23.8","17.9","7.4","CH",0.886,14,26,227.228,1522.668,"","","http://gd2.mlb.com/components/game/mlb/year_2016/month_04/day_25/gid_2016_04_25_bosmlb_atlmlb_1/inning/inning_all.xml","bottom",3,"Y",22,NA,NA,NA,"gid_2016_04_25_bosmlb_atlmlb_1","0-1"
"151","Ball","Bola mala",164,"B","235715","2016-04-25T23:57:15Z",77.24,223.53,"164","160425_200546","c0656b48-60b5-42e7-83ad-ceaa42060085",85.4,80.2,3.43,1.44,0.96,1.48,1.04,0.57,-1.64,50,5.78,6.33,-124.84,-6.92,1.54,22.15,-29.74,"23.9","-4.6","7.8","SL",0.91,14,43,147.68,334.72,"","","http://gd2.mlb.com/components/game/mlb/year_2016/month_04/day_25/gid_2016_04_25_bosmlb_atlmlb_1/inning/inning_all.xml","bottom",3,"Y",22,NA,NA,NA,"gid_2016_04_25_bosmlb_atlmlb_1","1-1"
"152","In play, out(s)","En juego, out(s)",165,"X","235734","2016-04-25T23:57:34Z",136.59,168.42,"165","160425_200612","d8b5627f-fe35-46cb-babc-e496e5fa244e",83.7,78,3.28,1.44,4.07,-0.07,-0.51,2.61,-1.67,50,6.16,1.53,-122.81,-2.01,6.25,23.21,-32.22,"23.9","-11.3","8.8","SL",0.889,4,34,89.578,738.347,"","","http://gd2.mlb.com/components/game/mlb/year_2016/month_04/day_25/gid_2016_04_25_bosmlb_atlmlb_1/inning/inning_all.xml","bottom",3,"Y",22,NA,NA,NA,"gid_2016_04_25_bosmlb_atlmlb_1","2-1"
"153","In play, out(s)","En juego, out(s)",207,"X","001311","2016-04-26T00:13:11Z",103.51,180.97,"207","160425_202110","c3335412-4c88-472a-bfff-dcd0fda6d19a",72.7,67,3.31,1.49,4.76,-5.53,0.35,2.14,-1.52,50,6.52,2.63,-106.66,0.02,5.39,21.35,-38.36,"23.8","-8.6","13.9","CU",0.903,6,72,41.065,1116.011,"","","http://gd2.mlb.com/components/game/mlb/year_2016/month_04/day_25/gid_2016_04_25_bosmlb_atlmlb_1/inning/inning_all.xml","bottom",4,"Y",27,NA,NA,NA,"gid_2016_04_25_bosmlb_atlmlb_1","0-0"
"154","Called Strike","Strike cantado",211,"S","001321","2016-04-26T00:13:21Z",129.16,183.16,"211","160425_202147","a249b071-e2bc-4962-8bc7-a7b987c80a78",87.7,81.3,3.79,1.77,-8.72,6.21,-0.32,2.06,-1.32,50,6.28,5.41,-128.34,-6.43,-14.6,25.61,-21.7,"23.8","30.6","6.5","FT",0.852,7,51,234.344,2031.19,"","","http://gd2.mlb.com/components/game/mlb/year_2016/month_04/day_25/gid_2016_04_25_bosmlb_atlmlb_1/inning/inning_all.xml","bottom",4,"Y",28,NA,NA,NA,"gid_2016_04_25_bosmlb_atlmlb_1","0-0"
"155","Foul","Foul",212,"S","001358","2016-04-26T00:13:58Z",109.53,162.67,"212","160425_202213","0e95a2d7-5663-4607-a115-03be130f74fa",87.5,81.2,3.61,1.67,0.64,4.67,0.2,2.82,-1.69,50,6.1,4.56,-128.19,-3.53,1.07,25.11,-24.28,"23.8","-4.4","6.1","SL",0.919,5,27,172.283,901.568,"","","http://gd2.mlb.com/components/game/mlb/year_2016/month_04/day_25/gid_2016_04_25_bosmlb_atlmlb_1/inning/inning_all.xml","bottom",4,"Y",28,NA,NA,NA,"gid_2016_04_25_bosmlb_atlmlb_1","0-1"
"156","Foul","Foul",213,"S","001400","2016-04-26T00:14:00Z",96.3,155.35,"213","160425_202232","453412e7-926e-4a60-9d40-0c0a16ab19e8",91.3,84.3,3.61,1.67,-3.88,7.75,0.54,3.09,-1.35,50,6.06,6.34,-133.7,-4.44,-7.04,28.09,-18.04,"23.8","16.9","4.4","FF",0.891,3,43,206.476,1713.403,"","","http://gd2.mlb.com/components/game/mlb/year_2016/month_04/day_25/gid_2016_04_25_bosmlb_atlmlb_1/inning/inning_all.xml","bottom",4,"Y",28,NA,NA,NA,"gid_2016_04_25_bosmlb_atlmlb_1","0-2"
"157","Ball","Bola mala",214,"B","001428","2016-04-26T00:14:28Z",140.33,211.94,"214","160425_202311","1a9a67b5-a3df-4a87-b82f-12fa7ba27d4b",74.9,69.2,3.68,1.73,8.16,-8.05,-0.61,0.99,-1.5,50,6.29,-0.36,-109.82,-1.68,9.77,23,-41.74,"23.8","-12.9","14.6","CU",0.911,13,29,45.604,1806.328,"","","http://gd2.mlb.com/components/game/mlb/year_2016/month_04/day_25/gid_2016_04_25_bosmlb_atlmlb_1/inning/inning_all.xml","bottom",4,"Y",28,NA,NA,NA,"gid_2016_04_25_bosmlb_atlmlb_1","0-2"
"158","Swinging Strike","Strike tirándole",215,"S","001449","2016-04-26T00:14:49Z",98.21,151.49,"215","160425_202327","00c857f4-1fdb-417a-b62d-32d8ce199176",91.6,84.1,3.61,1.67,-2.26,9.21,0.49,3.23,-1.39,50,6.18,5.77,-134.18,-4.9,-4.11,30.04,-15.37,"23.8","9.9","3.7","FF",0.947,3,43,193.742,1870.439,"","","http://gd2.mlb.com/components/game/mlb/year_2016/month_04/day_25/gid_2016_04_25_bosmlb_atlmlb_1/inning/inning_all.xml","bottom",4,"Y",28,NA,NA,NA,"gid_2016_04_25_bosmlb_atlmlb_1","1-2"
"159","Swinging Strike","Strike tirándole",219,"S","001536","2016-04-26T00:15:36Z",161.98,142.39,"219","160425_202355","9c7d9abd-0aa3-4ad6-9fb1-4d2c7d5bdcf5",88.9,82,3.5,1.63,-6.56,6.83,-1.18,3.57,-1.42,50,6.25,2.81,-130.28,-2.94,-11.28,27.14,-20.36,"23.8","27.1","5.6","FT",0.533,11,74,223.674,1818.967,"","","http://gd2.mlb.com/components/game/mlb/year_2016/month_04/day_25/gid_2016_04_25_bosmlb_atlmlb_1/inning/inning_all.xml","bottom",4,"Y",29,NA,NA,NA,"gid_2016_04_25_bosmlb_atlmlb_1","0-0"
"160","Ball","Bola mala",220,"B","001537","2016-04-26T00:15:37Z",68.1,172.95,"220","160425_202410","4280ea62-ee0c-49ba-97f0-0c916a05e23c",90.3,83.2,3.57,1.67,-8.01,6.84,1.28,2.44,-1.01,50,6.17,8.7,-132.08,-5.89,-14.15,28.13,-20.02,"23.8","30.2","5.6","FT",0.885,14,58,229.339,2048.89,"","","http://gd2.mlb.com/components/game/mlb/year_2016/month_04/day_25/gid_2016_04_25_bosmlb_atlmlb_1/inning/inning_all.xml","bottom",4,"Y",29,NA,NA,NA,"gid_2016_04_25_bosmlb_atlmlb_1","0-1"
"161","Foul","Foul",221,"S","001602","2016-04-26T00:16:02Z",140.63,191.18,"221","160425_202425","2eae0b14-933c-4829-b352-36609fc0149f",80.6,74.8,3.46,1.58,-8.71,3.55,-0.62,1.76,-1.4,50,6.11,4.45,-118.04,-4.32,-12.31,22.21,-27.09,"23.8","22.5","8.6","CH",0.933,7,51,247.559,1636.927,"","","http://gd2.mlb.com/components/game/mlb/year_2016/month_04/day_25/gid_2016_04_25_bosmlb_atlmlb_1/inning/inning_all.xml","bottom",4,"Y",29,NA,NA,NA,"gid_2016_04_25_bosmlb_atlmlb_1","1-1"
"162","Foul","Foul",222,"S","001607","2016-04-26T00:16:07Z",120.58,144.79,"222","160425_202444","57dbaf90-2864-45d8-b38d-0c0c3985713e",92,84.9,3.46,1.58,-2.77,10.44,-0.09,3.48,-1.41,50,6.15,4.46,-134.74,-4.7,-5.12,28.38,-12.85,"23.8","16.9","3.2","FF",0.955,11,41,194.838,2152.462,"","","http://gd2.mlb.com/components/game/mlb/year_2016/month_04/day_25/gid_2016_04_25_bosmlb_atlmlb_1/inning/inning_all.xml","bottom",4,"Y",29,NA,NA,NA,"gid_2016_04_25_bosmlb_atlmlb_1","1-2"
"163","In play, out(s)","En juego, out(s)",223,"X","001629","2016-04-26T00:16:29Z",72.02,158.54,"223","160425_202506","2c52547e-2911-4708-8529-50237d5a777e",82.5,77.3,3.46,1.58,2.85,-3.06,1.18,2.97,-1.38,50,6.22,5.25,-120.91,-0.14,4.26,21.3,-36.68,"23.9","-7.8","10.0","SL",0.739,12,49,43.392,744.042,"","","http://gd2.mlb.com/components/game/mlb/year_2016/month_04/day_25/gid_2016_04_25_bosmlb_atlmlb_1/inning/inning_all.xml","bottom",4,"Y",29,NA,NA,NA,"gid_2016_04_25_bosmlb_atlmlb_1","1-2"
"164","Foul","Foul",248,"S","002456","2016-04-26T00:24:56Z",155.54,172.77,"248","160425_203336","8f815333-2f7a-4f7c-b780-2c6c27ee0d61",78.7,72.6,3.57,1.66,-8.87,3.88,-1.01,2.45,-1.4,50,6.26,3.49,-115.31,-2.76,-11.89,22.29,-26.9,"23.8","22.3","9.0","CH",0.943,13,71,246.079,1636.511,"","","http://gd2.mlb.com/components/game/mlb/year_2016/month_04/day_25/gid_2016_04_25_bosmlb_atlmlb_1/inning/inning_all.xml","bottom",5,"Y",34,NA,NA,NA,"gid_2016_04_25_bosmlb_atlmlb_1","0-0"
"165","In play, no out","En juego, no out",249,"X","002526","2016-04-26T00:25:26Z",106.78,140.8,"249","160425_203357","ac0230e8-552f-4ae5-8f82-23ed9a0772bf",89.8,82.6,3.57,1.66,-3.5,5.98,0.27,3.63,-1.54,50,6.18,5.87,-131.61,-2.45,-6.13,28.49,-21.63,"23.8","12.5","5.3","FF",0.74,12,48,210.171,1344.454,"","","http://gd2.mlb.com/components/game/mlb/year_2016/month_04/day_25/gid_2016_04_25_bosmlb_atlmlb_1/inning/inning_all.xml","bottom",5,"Y",34,NA,NA,NA,"gid_2016_04_25_bosmlb_atlmlb_1","0-1"
"166","Ball","Bola mala",253,"B","002602","2016-04-26T00:26:02Z",103.51,202.06,"253","160425_203444","8d08f36e-8b5f-4e15-94f5-4b1fb6cb8704",88.2,81.9,3.24,1.59,-5.35,5.78,0.35,1.36,-1.25,50,6.01,5.88,-128.96,-7.5,-9.06,25.37,-22.3,"23.8","18.6","6.0","FT",0.46,14,59,222.537,1507.563,"","","http://gd2.mlb.com/components/game/mlb/year_2016/month_04/day_25/gid_2016_04_25_bosmlb_atlmlb_1/inning/inning_all.xml","bottom",5,"Y",35,518692,NA,NA,"gid_2016_04_25_bosmlb_atlmlb_1","0-0"
"167","Foul","Foul",254,"S","002632","2016-04-26T00:26:32Z",123.56,184.86,"254","160425_203511","566d6753-4878-4e16-9bd6-f679046a1440",79.5,73.2,3.32,1.46,-7.9,2.93,-0.17,2,-1.41,50,6.13,5.2,-116.42,-3.32,-10.76,23.41,-28.11,"23.8","18.8","9.1","CH",0.93,8,29,249.308,1433.323,"","","http://gd2.mlb.com/components/game/mlb/year_2016/month_04/day_25/gid_2016_04_25_bosmlb_atlmlb_1/inning/inning_all.xml","bottom",5,"Y",35,518692,NA,NA,"gid_2016_04_25_bosmlb_atlmlb_1","1-0"
"168","Foul","Foul",255,"S","002701","2016-04-26T00:27:01Z",136.74,156.03,"255","160425_203540","5017f9e5-4f05-41e5-8624-21efc9daa660",82.3,76.4,3.32,1.46,-6.87,3.89,-0.52,3.07,-1.42,50,6.26,4.29,-120.6,-2.1,-10.18,22.12,-26.33,"23.8","19.5","7.7","CH",0.931,1,46,240.141,1412.068,"","","http://gd2.mlb.com/components/game/mlb/year_2016/month_04/day_25/gid_2016_04_25_bosmlb_atlmlb_1/inning/inning_all.xml","bottom",5,"Y",35,518692,NA,NA,"gid_2016_04_25_bosmlb_atlmlb_1","1-1"
"169","Foul","Foul",256,"S","002735","2016-04-26T00:27:35Z",105.79,165.31,"256","160425_203611","57c02742-815e-4876-8f66-03f0ad1079fc",92,85.1,3.32,1.46,-3.58,7.88,0.29,2.72,-1.44,50,5.9,5.86,-134.72,-5.17,-6.61,27.89,-17.54,"23.8","16.3","4.3","FF",0.912,3,37,204.307,1729.221,"","","http://gd2.mlb.com/components/game/mlb/year_2016/month_04/day_25/gid_2016_04_25_bosmlb_atlmlb_1/inning/inning_all.xml","bottom",5,"Y",35,518692,NA,NA,"gid_2016_04_25_bosmlb_atlmlb_1","1-2"
"170","In play, out(s)","En juego, out(s)",257,"X","002813","2016-04-26T00:28:13Z",146.12,171.12,"257","160425_203645","b26df760-24d4-4411-a5e5-442fa8cd3186",91.8,84.9,3.32,1.46,-4.12,7.8,-0.76,2.51,-1.44,50,6.02,3.21,-134.51,-5.99,-7.58,28.44,-17.78,"23.8","20.0","4.5","FF",0.916,11,47,207.77,1754.601,"","","http://gd2.mlb.com/components/game/mlb/year_2016/month_04/day_25/gid_2016_04_25_bosmlb_atlmlb_1/inning/inning_all.xml","bottom",5,"Y",35,518692,NA,NA,"gid_2016_04_25_bosmlb_atlmlb_1","1-2"
"171","Swinging Strike","Strike tirándole",263,"S","002935","2016-04-26T00:29:35Z",107.93,219.58,"263","160425_203813","522b046b-3934-41ec-9c64-0080ace8f20d",83.7,77.6,3.28,1.51,-9.79,7.55,0.24,0.71,-1.22,50,5.96,6.6,-122.3,-8.4,-14.85,23.68,-20.64,"23.8","31.6","7.0","CH",0.912,14,47,232.163,2230.512,"","","http://gd2.mlb.com/components/game/mlb/year_2016/month_04/day_25/gid_2016_04_25_bosmlb_atlmlb_1/inning/inning_all.xml","bottom",5,"Y",36,607054,NA,NA,"gid_2016_04_25_bosmlb_atlmlb_1","0-0"
"172","Missed Bunt","Toque fallado",267,"S","003013","2016-04-26T00:30:13Z",144.75,212,"267","160425_203851","71386b75-85a9-4994-b884-680e2b18bcfe",81.6,75.6,3.28,1.51,-8.13,2.83,-0.73,0.99,-1.41,50,6,4.09,-119.45,-5.86,-11.72,23.46,-28.02,"23.8","20.7","8.7","CH",0.929,13,41,250.483,1510.221,"","","http://gd2.mlb.com/components/game/mlb/year_2016/month_04/day_25/gid_2016_04_25_bosmlb_atlmlb_1/inning/inning_all.xml","bottom",5,"Y",36,NA,NA,NA,"gid_2016_04_25_bosmlb_atlmlb_1","0-1"
"173","Ball","Bola mala",268,"B","003028","2016-04-26T00:30:28Z",117.95,134.48,"268","160425_203912","8217d097-4661-4008-b9a0-b4898cedb91b",91.1,84.2,3.35,1.51,-2.35,8.4,-0.03,3.86,-1.45,50,6.14,4.58,-133.48,-2.81,-4.27,27.46,-16.87,"23.8","10.9","4.0","FF",0.944,11,22,195.588,1726.91,"","","http://gd2.mlb.com/components/game/mlb/year_2016/month_04/day_25/gid_2016_04_25_bosmlb_atlmlb_1/inning/inning_all.xml","bottom",5,"Y",36,NA,NA,NA,"gid_2016_04_25_bosmlb_atlmlb_1","0-2"
"174","Called Strike","Strike cantado",269,"S","003050","2016-04-26T00:30:50Z",98.06,155.32,"269","160425_203928","882a5c76-8741-4058-bc7a-46d7c3ec52a1",91.3,84.3,3.35,1.59,-8.07,7.34,0.5,3.09,-1.26,50,6.2,7.41,-133.64,-4.65,-14.64,27.95,-18.79,"23.8","33.6","5.3","FT",0.853,3,54,227.565,2153.36,"","","http://gd2.mlb.com/components/game/mlb/year_2016/month_04/day_25/gid_2016_04_25_bosmlb_atlmlb_1/inning/inning_all.xml","bottom",5,"Y",36,NA,NA,NA,"gid_2016_04_25_bosmlb_atlmlb_1","1-2"
"175","Called Strike","Strike cantado",311,"S","004641","2016-04-26T00:46:41Z",124.28,167.34,"311","160425_205430","a82a7ab0-b5f9-47bd-949d-a1960973dfb1",85.3,79.5,3.5,1.56,-8.35,4.15,-0.19,2.65,-1.28,50,6.24,5.38,-125,-3.78,-13.35,22.76,-25.46,"23.9","25.5","7.3","CH",0.73,5,47,243.301,1734.35,"","","http://gd2.mlb.com/components/game/mlb/year_2016/month_04/day_25/gid_2016_04_25_bosmlb_atlmlb_1/inning/inning_all.xml","bottom",6,"Y",41,NA,NA,NA,"gid_2016_04_25_bosmlb_atlmlb_1","0-0"
"176","Called Strike","Strike cantado",312,"S","004641","2016-04-26T00:46:41Z",91.31,161.34,"312","160425_205441","6c7c1e32-ddd1-410d-a073-db599a05d74c",87.4,81.3,3.5,1.56,-7.07,3.77,0.67,2.87,-1.24,50,6.14,7.19,-127.88,-3.2,-11.83,23.93,-25.79,"23.9","21.8","6.9","FT",0.819,3,56,241.646,1525.049,"","","http://gd2.mlb.com/components/game/mlb/year_2016/month_04/day_25/gid_2016_04_25_bosmlb_atlmlb_1/inning/inning_all.xml","bottom",6,"Y",41,NA,NA,NA,"gid_2016_04_25_bosmlb_atlmlb_1","0-1"
"177","Foul","Foul",313,"S","004643","2016-04-26T00:46:43Z",108.39,150.3,"313","160425_205455","877f9595-12e7-4db0-9629-35f502c91770",89.2,82.4,3.51,1.56,-9.23,3.8,0.23,3.28,-1.32,50,6.14,7.09,-130.68,-2.46,-16,26.9,-25.51,"23.8","29.3","7.0","FT",0.926,2,48,247.388,1924.197,"","","http://gd2.mlb.com/components/game/mlb/year_2016/month_04/day_25/gid_2016_04_25_bosmlb_atlmlb_1/inning/inning_all.xml","bottom",6,"Y",41,NA,NA,NA,"gid_2016_04_25_bosmlb_atlmlb_1","0-2"
"178","Ball","Bola mala",314,"B","004645","2016-04-26T00:46:45Z",79.34,160.97,"314","160425_205528","0983f369-7d42-4892-adb3-046df34ba07a",90.4,83.7,3.46,1.56,-4.31,9.09,0.99,2.88,-1.14,50,6.27,7.03,-132.28,-5.84,-7.68,26.5,-15.9,"23.8","20.4","4.1","FF",0.906,12,57,205.262,1973.62,"","","http://gd2.mlb.com/components/game/mlb/year_2016/month_04/day_25/gid_2016_04_25_bosmlb_atlmlb_1/inning/inning_all.xml","bottom",6,"Y",41,NA,NA,NA,"gid_2016_04_25_bosmlb_atlmlb_1","0-2"
"179","Foul","Foul",315,"S","004659","2016-04-26T00:46:59Z",123.06,157.65,"315","160425_205543","71507974-aeab-4ad7-aff4-0310ac4dc365",90.2,82.9,3.51,1.56,-7.7,4.47,-0.16,3.01,-1.44,50,6.14,5.94,-132.08,-3.5,-13.56,28.9,-24.23,"23.8","26.2","6.4","FT",0.932,2,38,239.636,1726.222,"","","http://gd2.mlb.com/components/game/mlb/year_2016/month_04/day_25/gid_2016_04_25_bosmlb_atlmlb_1/inning/inning_all.xml","bottom",6,"Y",41,NA,NA,NA,"gid_2016_04_25_bosmlb_atlmlb_1","1-2"
"180","Foul","Foul",316,"S","004742","2016-04-26T00:47:42Z",131.14,133.91,"316","160425_205603","bc273dbe-6f6e-4eac-86fb-9ef2441f620b",82.1,76.6,3.51,1.56,3.04,2,-0.37,3.88,-1.59,50,6.22,1.96,-120.35,0.53,4.51,20.66,-29.14,"23.9","-9.4","8.0","SL",0.883,11,48,123.931,655.239,"","","http://gd2.mlb.com/components/game/mlb/year_2016/month_04/day_25/gid_2016_04_25_bosmlb_atlmlb_1/inning/inning_all.xml","bottom",6,"Y",41,NA,NA,NA,"gid_2016_04_25_bosmlb_atlmlb_1","1-2"
"181","Swinging Strike","Strike tirándole",317,"S","004745","2016-04-26T00:47:45Z",99.73,161.91,"317","160425_205621","65b512bd-0ee2-4864-8214-82a9ccdc3be7",70.6,65.4,3.51,1.56,6.59,-7.18,0.45,2.85,-1.56,50,6.39,2.36,-103.5,2.56,7.08,18.82,-39.81,"23.8","-10.7","15.1","CU",0.908,6,28,42.835,1459.642,"","","http://gd2.mlb.com/components/game/mlb/year_2016/month_04/day_25/gid_2016_04_25_bosmlb_atlmlb_1/inning/inning_all.xml","bottom",6,"Y",41,NA,NA,NA,"gid_2016_04_25_bosmlb_atlmlb_1","1-2"
"182","Ball","Bola mala",321,"B","004820","2016-04-26T00:48:20Z",140.71,138.34,"321","160425_205657","04b949e0-1628-4fc9-b07a-41747c945c1b",89.3,82.8,3.61,1.81,-4.99,4,-0.62,3.72,-1.45,50,6.23,3.84,-130.96,-1.68,-8.72,25.91,-25.1,"23.8","17.4","6.2","FT",0.744,11,67,230.949,1243.903,"","","http://gd2.mlb.com/components/game/mlb/year_2016/month_04/day_25/gid_2016_04_25_bosmlb_atlmlb_1/inning/inning_all.xml","bottom",6,"Y",42,NA,NA,NA,"gid_2016_04_25_bosmlb_atlmlb_1","0-0"
"183","Ball","Bola mala",322,"B","004835","2016-04-26T00:48:35Z",62.91,175.87,"322","160425_205713","9e92fb27-9d03-40f8-96c5-b1701a3d58e9",89.6,83.2,3.68,1.81,-5.85,6.01,1.42,2.33,-1.21,50,6,8.81,-131.05,-5.37,-10.26,25.73,-21.57,"23.8","20.9","5.6","FT",0.744,14,34,224.054,1633.454,"","","http://gd2.mlb.com/components/game/mlb/year_2016/month_04/day_25/gid_2016_04_25_bosmlb_atlmlb_1/inning/inning_all.xml","bottom",6,"Y",42,NA,NA,NA,"gid_2016_04_25_bosmlb_atlmlb_1","1-0"
"184","Called Strike","Strike cantado",323,"S","004859","2016-04-26T00:48:59Z",124.39,177.57,"323","160425_205732","794d5bc9-ebfd-4b43-982f-f7e075074bb3",90,83.3,3.57,1.81,-7.89,5.02,-0.19,2.27,-1.37,50,6.05,5.73,-131.74,-5.39,-13.91,27.3,-23.26,"23.8","27.7","6.3","FT",0.928,8,41,237.346,1819.383,"","","http://gd2.mlb.com/components/game/mlb/year_2016/month_04/day_25/gid_2016_04_25_bosmlb_atlmlb_1/inning/inning_all.xml","bottom",6,"Y",42,NA,NA,NA,"gid_2016_04_25_bosmlb_atlmlb_1","2-0"
"185","Ball","Bola mala",324,"B","004906","2016-04-26T00:49:06Z",185.73,136.5,"324","160425_205748","660a7a06-d81c-40d3-8e49-73468e2e480d",70.1,65.2,3.46,1.7,8.26,-7.22,-1.8,3.79,-1.84,50,6.63,-2.1,-102.65,4.05,8.83,16.79,-39.81,"23.9","-12.2","15.2","CU",0.911,11,27,49.147,1649.891,"","","http://gd2.mlb.com/components/game/mlb/year_2016/month_04/day_25/gid_2016_04_25_bosmlb_atlmlb_1/inning/inning_all.xml","bottom",6,"Y",42,NA,NA,NA,"gid_2016_04_25_bosmlb_atlmlb_1","2-1"
"186","Ball","Bola mala",325,"B","004928","2016-04-26T00:49:28Z",125.27,213.51,"325","160425_205808","7616ac88-73cc-45fb-8b14-b058e3becd57",88.2,82.4,3.53,1.68,-7.15,4.77,-0.22,0.94,-1.4,50,5.89,5.4,-129.04,-8,-12.17,24.28,-23.98,"23.9","23.9","6.6","FT",0.873,13,27,236.047,1649.491,"","","http://gd2.mlb.com/components/game/mlb/year_2016/month_04/day_25/gid_2016_04_25_bosmlb_atlmlb_1/inning/inning_all.xml","bottom",6,"Y",42,NA,NA,NA,"gid_2016_04_25_bosmlb_atlmlb_1","3-1"
"187","Foul","Foul",329,"S","005040","2016-04-26T00:50:40Z",155.65,163.94,"329","160425_205848","f6d511fb-7ca0-4dcc-a523-96f14ee5fb90",89.4,82.5,3.28,1.44,-8.67,3.63,-1.01,2.77,-1.43,50,6.02,3.98,-131.06,-3.41,-15.06,28.03,-25.8,"23.8","28.3","7.0","FT",0.947,11,64,247.059,1810.249,"","","http://gd2.mlb.com/components/game/mlb/year_2016/month_04/day_25/gid_2016_04_25_bosmlb_atlmlb_1/inning/inning_all.xml","bottom",6,"Y",43,455976,NA,NA,"gid_2016_04_25_bosmlb_atlmlb_1","0-0"
"188","Foul","Foul",330,"S","005041","2016-04-26T00:50:41Z",124.78,193.85,"330","160425_205920","3e58bcfa-07a1-4dbf-9833-9dfd34aa0e2e",90.3,84.1,3.28,1.44,-7.29,4.01,-0.2,1.66,-1.39,50,5.92,5.59,-132.12,-6.39,-12.99,25.79,-24.94,"23.9","24.6","6.5","FT",0.948,8,46,240.886,1632.674,"","","http://gd2.mlb.com/components/game/mlb/year_2016/month_04/day_25/gid_2016_04_25_bosmlb_atlmlb_1/inning/inning_all.xml","bottom",6,"Y",43,455976,NA,NA,"gid_2016_04_25_bosmlb_atlmlb_1","0-1"
"189","Ball","Bola mala",331,"B","005134","2016-04-26T00:51:34Z",118.45,120.63,"331","160425_205958","6918b527-ce8b-4381-938a-8279314f6502",92,84.9,3.39,1.44,-3.3,8.58,-0.04,4.38,-1.31,50,6.26,4.54,-134.81,-1.98,-6.1,28.13,-16.24,"23.8","17.3","3.8","FF",0.933,11,22,200.947,1836.128,"","","http://gd2.mlb.com/components/game/mlb/year_2016/month_04/day_25/gid_2016_04_25_bosmlb_atlmlb_1/inning/inning_all.xml","bottom",6,"Y",43,455976,NA,NA,"gid_2016_04_25_bosmlb_atlmlb_1","0-2"
"190","In play, out(s)","En juego, out(s)",332,"X","005158","2016-04-26T00:51:58Z",125.39,198.47,"332","160425_210028","6fa0df21-2bb6-4f3f-b6d3-bd92ee6d7ced",91.2,84.5,3.28,1.44,-7.92,4.44,-0.22,1.49,-1.37,50,5.87,5.74,-133.52,-6.99,-14.34,28.08,-24.07,"23.8","27.4","6.4","FT",0.944,8,48,240.527,1789.737,"","","http://gd2.mlb.com/components/game/mlb/year_2016/month_04/day_25/gid_2016_04_25_bosmlb_atlmlb_1/inning/inning_all.xml","bottom",6,"Y",43,455976,NA,NA,"gid_2016_04_25_bosmlb_atlmlb_1","1-2"
"191","In play, out(s)","En juego, out(s)",337,"X","005255","2016-04-26T00:52:55Z",101.22,195.12,"337","160425_210119","3547e436-0623-43a6-bb71-de133eb9c1c3",86,79.6,3.31,1.49,3.09,4.66,0.41,1.62,-1.55,50,5.9,3.88,-125.97,-5.7,4.96,26.06,-24.62,"23.8","-12.4","6.7","SL",0.938,9,73,146.712,1040.763,"","","http://gd2.mlb.com/components/game/mlb/year_2016/month_04/day_25/gid_2016_04_25_bosmlb_atlmlb_1/inning/inning_all.xml","bottom",6,"Y",44,593495,NA,NA,"gid_2016_04_25_bosmlb_atlmlb_1","0-0"
"192","Swinging Strike","Strike tirándole",400,"S","011706","2016-04-26T01:17:06Z",126.72,188.51,"400","160425_212547","312b646c-0778-4754-9e80-479c0ca6bc33",80.2,74.6,3.61,1.67,-7.7,4.16,-0.26,1.86,-1.3,50,6.16,4.75,-117.51,-4.34,-10.81,21.37,-26.26,"23.8","20.4","8.3","CH",0.939,7,61,241.317,1521.277,"","","http://gd2.mlb.com/components/game/mlb/year_2016/month_04/day_25/gid_2016_04_25_bosmlb_atlmlb_1/inning/inning_all.xml","bottom",7,"Y",52,NA,NA,NA,"gid_2016_04_25_bosmlb_atlmlb_1","0-0"
"193","Foul","Foul",401,"S","011718","2016-04-26T01:17:18Z",122.83,142.17,"401","160425_212602","ed3d22a5-ae8d-4225-8f69-33af8fdda564",89.5,82.3,3.61,1.67,-2.65,7.91,-0.15,3.58,-1.52,50,6.11,4.44,-131.14,-3.01,-4.6,28.03,-18.35,"23.8","11.0","4.5","FF",0.911,2,42,198.404,1611.774,"","","http://gd2.mlb.com/components/game/mlb/year_2016/month_04/day_25/gid_2016_04_25_bosmlb_atlmlb_1/inning/inning_all.xml","bottom",7,"Y",52,NA,NA,NA,"gid_2016_04_25_bosmlb_atlmlb_1","0-1"
"194","Foul","Foul",402,"S","011757","2016-04-26T01:17:57Z",105.98,152.25,"402","160425_212635","6a6d9a11-d90f-4dd9-8640-ac5529ac8677",80.1,74.6,3.61,1.67,4.45,0.17,0.29,3.21,-1.59,50,6.27,3.02,-117.39,-0.27,6.24,20.98,-31.87,"23.9","-11.9","9.4","SL",0.645,3,32,92.789,772.095,"","","http://gd2.mlb.com/components/game/mlb/year_2016/month_04/day_25/gid_2016_04_25_bosmlb_atlmlb_1/inning/inning_all.xml","bottom",7,"Y",52,NA,NA,NA,"gid_2016_04_25_bosmlb_atlmlb_1","0-2"
"195","In play, out(s)","En juego, out(s)",403,"X","011835","2016-04-26T01:18:35Z",112.43,165.21,"403","160425_212657","466090c3-4e8f-46ff-a554-f361cf6a94f0",91.3,84.3,3.61,1.67,-2.28,8.05,0.12,2.73,-1.48,50,5.98,5.02,-133.67,-5.29,-4.13,28.21,-17.51,"23.8","9.5","4.2","FF",0.937,5,22,195.728,1653.47,"","","http://gd2.mlb.com/components/game/mlb/year_2016/month_04/day_25/gid_2016_04_25_bosmlb_atlmlb_1/inning/inning_all.xml","bottom",7,"Y",52,NA,NA,NA,"gid_2016_04_25_bosmlb_atlmlb_1","0-2"
"196","Called Strike","Strike cantado",407,"S","011856","2016-04-26T01:18:56Z",104.99,185.97,"407","160425_212735","f027d635-f703-4495-9caf-244288c9e51d",73.5,67.7,3.46,1.56,5.69,-8.52,0.32,1.96,-1.51,50,6.37,2.29,-107.72,0.64,6.56,22.05,-41.92,"23.8","-9.4","14.9","CU",0.905,9,76,33.943,1582.246,"","","http://gd2.mlb.com/components/game/mlb/year_2016/month_04/day_25/gid_2016_04_25_bosmlb_atlmlb_1/inning/inning_all.xml","bottom",7,"Y",53,NA,NA,NA,"gid_2016_04_25_bosmlb_atlmlb_1","0-0"
"197","Swinging Strike","Strike tirándole",408,"S","011910","2016-04-26T01:19:10Z",144.75,172.71,"408","160425_212753","260a130f-1b61-4bcf-ae1d-1dc3be8d8dc1",88.6,81,3.46,1.58,-10.32,3.03,-0.73,2.45,-1.18,50,6.23,4.57,-129.74,-4.34,-17.37,30.27,-27,"23.7","30.3","7.8","FT",0.913,13,46,253.412,2026.691,"","","http://gd2.mlb.com/components/game/mlb/year_2016/month_04/day_25/gid_2016_04_25_bosmlb_atlmlb_1/inning/inning_all.xml","bottom",7,"Y",53,NA,NA,NA,"gid_2016_04_25_bosmlb_atlmlb_1","0-1"
"198","Ball","Bola mala",409,"B","011934","2016-04-26T01:19:34Z",76.67,160.1,"409","160425_212811","ddb87739-2a57-4dd6-a396-25ba09499e5d",90.3,82.7,3.5,1.63,-3,9.37,1.06,2.91,-1.13,50,6.03,6.72,-132.12,-5.1,-5.27,29.63,-15.64,"23.8","12.8","4.0","FF",0.931,12,56,197.677,1905.558,"","","http://gd2.mlb.com/components/game/mlb/year_2016/month_04/day_25/gid_2016_04_25_bosmlb_atlmlb_1/inning/inning_all.xml","bottom",7,"Y",53,NA,NA,NA,"gid_2016_04_25_bosmlb_atlmlb_1","0-2"
"199","Foul","Foul",410,"S","011946","2016-04-26T01:19:46Z",173.91,175.87,"410","160425_212829","6a4245b6-8ac6-4470-8ec0-8298410b0131",79.7,73.5,3.46,1.58,-8.81,-0.14,-1.49,2.33,-1.49,50,6.03,2.62,-116.78,-1.47,-12.09,23.43,-32.29,"23.8","19.6","10.2","CH",0.919,13,19,270.55,1502.035,"","","http://gd2.mlb.com/components/game/mlb/year_2016/month_04/day_25/gid_2016_04_25_bosmlb_atlmlb_1/inning/inning_all.xml","bottom",7,"Y",53,NA,NA,NA,"gid_2016_04_25_bosmlb_atlmlb_1","1-2"
"200","Foul","Foul",411,"S","012009","2016-04-26T01:20:09Z",89.56,167.77,"411","160425_212853","6f8cf77c-551d-4b71-8d12-e54479eb3686",91.5,84.5,3.46,1.58,-1.17,8.26,0.72,2.63,-1.2,50,6.1,5.48,-134.01,-5.97,-2.13,28.46,-17.05,"23.8","3.2","4.1","FF",0.943,12,47,188.015,1653.471,"","","http://gd2.mlb.com/components/game/mlb/year_2016/month_04/day_25/gid_2016_04_25_bosmlb_atlmlb_1/inning/inning_all.xml","bottom",7,"Y",53,NA,NA,NA,"gid_2016_04_25_bosmlb_atlmlb_1","1-2"
"201","In play, no out","En juego, no out",412,"X","012047","2016-04-26T01:20:47Z",91.54,183.24,"412","160425_212916","565679ec-cdbe-43af-a2fa-96cde81e09b6",73.5,68.1,3.46,1.58,8.72,-4.41,0.67,2.06,-1.27,50,6.29,1.71,-107.78,-0.19,10.16,20.46,-37.23,"23.8","-15.6","13.5","CU",0.908,9,39,63.543,1527.577,"","","http://gd2.mlb.com/components/game/mlb/year_2016/month_04/day_25/gid_2016_04_25_bosmlb_atlmlb_1/inning/inning_all.xml","bottom",7,"Y",53,NA,NA,NA,"gid_2016_04_25_bosmlb_atlmlb_1","1-2"
"202","Ball In Dirt","Bola por el suelo",416,"B","012132","2016-04-26T01:21:32Z",92.07,215.64,"416","160425_213011","3bd952ce-abfc-4a1d-b063-42e22112b18d",82.7,76,3.68,1.81,-7.68,7.29,0.65,0.86,-1.12,50,5.93,6.58,-120.87,-7.57,-11.27,25.4,-21.4,"23.8","23.6","6.9","CH",0.926,14,61,226.288,1871.41,"","","http://gd2.mlb.com/components/game/mlb/year_2016/month_04/day_25/gid_2016_04_25_bosmlb_atlmlb_1/inning/inning_all.xml","bottom",7,"Y",54,NA,425796,NA,"gid_2016_04_25_bosmlb_atlmlb_1","0-0"
"203","Ball","Bola mala",417,"B","012155","2016-04-26T01:21:55Z",132.82,203.65,"417","160425_213036","4822e961-2b04-4468-b11a-9c214f534d78",81.8,76.4,3.71,1.73,-8.12,1.07,-0.42,1.3,-1.24,50,6.06,4.46,-119.73,-4.85,-11.87,21.52,-30.53,"23.9","19.6","9.2","CH",0.915,13,30,262.115,1452.031,"","","http://gd2.mlb.com/components/game/mlb/year_2016/month_04/day_25/gid_2016_04_25_bosmlb_atlmlb_1/inning/inning_all.xml","bottom",7,"Y",54,NA,425796,NA,"gid_2016_04_25_bosmlb_atlmlb_1","1-0"
